@Preamble{"\ifx \manfnt \undefined \font\manfnt=logo10 \fi"
 # "\ifx \METAFONT \undefined \def \METAFONT {{\manfnt META}\-{\manfnt FONT}\spacefactor1000 } \fi"
 # "\ifx \MF \undefined \let \MF=\METAFONT \fi"
 # "\ifx \POSTSCRIPT \undefined \def \POSTSCRIPT {{\scshape Post}\-{\scshape Script}\spacefactor1000 } \fi"
 # "\ifx \MP \undefined \def \MP {{\manfnt META}\-{\manfnt POST}\spacefactor1000 } \fi"
 # "\ifx \noopsort \undefined \def \noopsort#1{} \fi"
 # "\ifx \emdash \undefined \def \emdash{---} \fi"
}
@article{Aaltonen:2022aaa,
    author = "Aaltonen, T and others",
    collaboration = "CDF",
    title = "{High-precision measurement of the W boson mass with the CDF II detector}",
    reportNumber = "FERMILAB-PUB-22-254-PPD",
    doi = "10.1126/science.abk1781",
    journal = "Science 376 (2022) 6589, 170-176",
    year = "2022"
}
@article{Mishima:2022aab,
    author = "Satoshi Mishima and Motoi Endo",
    title = "{New physics interpretation of W-boson mass anomaly}",
    eprint = "2204.05965",
    archivePrefix = "arXiv",
    primaryClass = "hep-ph",
    reportNumber = "KEK-TH-2412",
    doi = "doi.org/10.48550/arXiv.2204.05965",
    pages = "21",
    year = "2022"
}
@article{Barron:2022aac,
    author = "Jared Barron and David Curtin",
    title = "{On the Origin of Long-Lived Particles}",
    eprint = "2007.05538",
    archivePrefix = "arXiv",
    primaryClass = "hep-ph",
    doi = "doi.org/10.48550/arXiv.2007.05538",
    journal = "Journal of High Energy Physics",
    number = "61",
    pages = "39",
    year = "2020"
}
@article{Aaij:2015ica,
    author = "Aaij, Roel and others",
    collaboration = "LHCb",
    title = "{Search for long-lived heavy charged particles using a ring imaging Cherenkov technique at LHCb}",
    eprint = "1506.09173",
    archivePrefix = "arXiv",
    primaryClass = "hep-ex",
    reportNumber = "CERN-PH-EP-2105-139, LHCB-PAPER-2015-002",
    doi = "10.1140/epjc/s10052-015-3809-7",
    journal = "Eur. Phys. J. C",
    volume = "75",
    number = "12",
    pages = "595",
    year = "2015"
}
@article{Aaij:2016xmb,
    author = "Aaij, Roel and others",
    collaboration = "LHCb",
    title = "{Search for massive long-lived particles decaying semileptonically in the LHCb detector}",
    eprint = "1612.00945",
    archivePrefix = "arXiv",
    primaryClass = "hep-ex",
    reportNumber = "CERN-EP-2016-283, LHCB-PAPER-2016-047",
    doi = "10.1140/epjc/s10052-017-4744-6",
    journal = "Eur. Phys. J. C",
    volume = "77",
    number = "4",
    pages = "224",
    year = "2017"
}
@article{Aaij:2017mic,
    author = "Aaij, R. and others",
    collaboration = "LHCb",
    title = "{Updated search for long-lived particles decaying to jet pairs}",
    eprint = "1705.07332",
    archivePrefix = "arXiv",
    primaryClass = "hep-ex",
    reportNumber = "LHCB-PAPER-2016-065, CERN-EP-2017-083",
    doi = "10.1140/epjc/s10052-017-5178-x",
    journal = "Eur. Phys. J. C",
    volume = "77",
    number = "12",
    pages = "812",
    year = "2017"
}
@article{Aaboud:2018iil,
    author = "Aaboud, M. and others",
    collaboration = "ATLAS",
    title = "{Search for the Higgs boson produced in association with a vector boson and decaying into two spin-zero particles in the $H \rightarrow aa \rightarrow 4b$ channel in $pp$ collisions at $\sqrt{s} = 13$ TeV with the ATLAS detector}",
    eprint = "1806.07355",
    archivePrefix = "arXiv",
    primaryClass = "hep-ex",
    reportNumber = "CERN-EP-2018-128",
    doi = "10.1007/JHEP10(2018)031",
    journal = "JHEP",
    volume = "10",
    pages = "031",
    year = "2018"
}
@article{Aaboud:2018jbr,
    author = "Aaboud, Morad and others",
    collaboration = "ATLAS",
    title = "{Search for long-lived particles in final states with displaced dimuon vertices in $pp$ collisions at $\sqrt{s}=$ 13 TeV with the ATLAS detector}",
    eprint = "1808.03057",
    archivePrefix = "arXiv",
    primaryClass = "hep-ex",
    reportNumber = "CERN-EP-2018-173",
    doi = "10.1103/PhysRevD.99.012001",
    journal = "Phys. Rev. D",
    volume = "99",
    number = "1",
    pages = "012001",
    year = "2019"
}
@article{Aaboud:2018arf,
    author = "Aaboud, Morad and others",
    collaboration = "ATLAS",
    title = "{Search for the Production of a Long-Lived Neutral Particle Decaying within the ATLAS Hadronic Calorimeter in Association with a $Z$ Boson from $pp$ Collisions at $\sqrt{s} =$ 13  TeV}",
    eprint = "1811.02542",
    archivePrefix = "arXiv",
    primaryClass = "hep-ex",
    reportNumber = "CERN-EP-2018-275",
    doi = "10.1103/PhysRevLett.122.151801",
    journal = "Phys. Rev. Lett.",
    volume = "122",
    number = "15",
    pages = "151801",
    year = "2019"
}
@article{Aaboud:2018aqj,
    author = "Aaboud, Morad and others",
    collaboration = "ATLAS",
    title = "{Search for long-lived particles produced in $pp$ collisions at $\sqrt{s}=13$  TeV that decay into displaced hadronic jets in the ATLAS muon spectrometer}",
    eprint = "1811.07370",
    archivePrefix = "arXiv",
    primaryClass = "hep-ex",
    reportNumber = "CERN-EP-2018-241",
    doi = "10.1103/PhysRevD.99.052005",
    journal = "Phys. Rev. D",
    volume = "99",
    number = "5",
    pages = "052005",
    year = "2019"
}
@article{Aaboud:2018kbe,
    author = "Aaboud, Morad and others",
    collaboration = "ATLAS",
    title = "{Search for heavy long-lived multicharged particles in proton-proton collisions at $\sqrt{s}$ = 13  TeV using the ATLAS detector}",
    eprint = "1812.03673",
    archivePrefix = "arXiv",
    primaryClass = "hep-ex",
    reportNumber = "CERN-EP-2018-284",
    doi = "10.1103/PhysRevD.99.052003",
    journal = "Phys. Rev. D",
    volume = "99",
    number = "5",
    pages = "052003",
    year = "2019"
}
@article{Aaboud:2019trc,
    author = "Aaboud, Morad and others",
    collaboration = "ATLAS",
    title = "{Search for heavy charged long-lived particles in the ATLAS detector in 36.1 fb$^{-1}$ of proton-proton collision data at $\sqrt{s} = 13$ TeV}",
    eprint = "1902.01636",
    archivePrefix = "arXiv",
    primaryClass = "hep-ex",
    reportNumber = "CERN-EP-2018-339",
    doi = "10.1103/PhysRevD.99.092007",
    journal = "Phys. Rev. D",
    volume = "99",
    number = "9",
    pages = "092007",
    year = "2019"
}
@article{Aaboud:2019opc,
    author = "Aaboud, Morad and others",
    collaboration = "ATLAS",
    title = "{Search for long-lived neutral particles in $pp$ collisions at $\sqrt{s}$ = 13 TeV that decay into displaced hadronic jets in the ATLAS calorimeter}",
    eprint = "1902.03094",
    archivePrefix = "arXiv",
    primaryClass = "hep-ex",
    reportNumber = "CERN-EP-2018-351",
    doi = "10.1140/epjc/s10052-019-6962-6",
    journal = "Eur. Phys. J. C",
    volume = "79",
    number = "6",
    pages = "481",
    year = "2019"
}
@article{Aad:2019kiz,
    author = "Aad, Georges and others",
    collaboration = "ATLAS",
    title = "{Search for heavy neutral leptons in decays of $W$ bosons produced in 13 TeV $pp$ collisions using prompt and displaced signatures with the ATLAS detector}",
    eprint = "1905.09787",
    archivePrefix = "arXiv",
    primaryClass = "hep-ex",
    reportNumber = "CERN-EP-2019-071",
    doi = "10.1007/JHEP10(2019)265",
    journal = "JHEP",
    volume = "10",
    pages = "265",
    year = "2019"
}
@article{Aad:2019pfm,
    author = "Aad, Georges and others",
    collaboration = "ATLAS",
    title = "{Search for Magnetic Monopoles and Stable High-Electric-Charge Objects in 13 Tev Proton-Proton Collisions with the ATLAS Detector}",
    eprint = "1905.10130",
    archivePrefix = "arXiv",
    primaryClass = "hep-ex",
    reportNumber = "CERN-EP-2019-084",
    doi = "10.1103/PhysRevLett.124.031802",
    journal = "Phys. Rev. Lett.",
    volume = "124",
    number = "3",
    pages = "031802",
    year = "2020"
}
@article{Aad:2019tcc,
    author = "Aad, Georges and others",
    collaboration = "ATLAS",
    title = "{Search for displaced vertices of oppositely charged leptons from decays of long-lived particles in $pp$ collisions at $\sqrt {s}$ =13 TeV with the ATLAS detector}",
    eprint = "1907.10037",
    archivePrefix = "arXiv",
    primaryClass = "hep-ex",
    reportNumber = "CERN-EP-2019-139",
    doi = "10.1016/j.physletb.2019.135114",
    journal = "Phys. Lett. B",
    volume = "801",
    pages = "135114",
    year = "2020"
}
@article{Aad:2019xav,
    author = "Aad, Georges and others",
    collaboration = "ATLAS",
    title = "{Search for long-lived neutral particles produced in $pp$ collisions at $\sqrt{s} = 13$ TeV decaying into displaced hadronic jets in the ATLAS inner detector and muon spectrometer}",
    eprint = "1911.12575",
    archivePrefix = "arXiv",
    primaryClass = "hep-ex",
    reportNumber = "CERN-EP-2019-240",
    doi = "10.1103/PhysRevD.101.052013",
    journal = "Phys. Rev. D",
    volume = "101",
    number = "5",
    pages = "052013",
    year = "2020"
}
@article{Aad:2019tua,
    author = "Aad, Georges and others",
    collaboration = "ATLAS",
    title = "{Search for light long-lived neutral particles produced in $pp$ collisions at $\sqrt{s} =$ 13 TeV and decaying into collimated leptons or light hadrons with the ATLAS detector}",
    eprint = "1909.01246",
    archivePrefix = "arXiv",
    primaryClass = "hep-ex",
    reportNumber = "CERN-EP-2019-140",
    doi = "10.1140/epjc/s10052-020-7997-4",
    journal = "Eur. Phys. J. C",
    volume = "80",
    number = "5",
    pages = "450",
    year = "2020"
}
@article{Agostinelli:2002hh,
    author = "Agostinelli, S. and others",
    collaboration = "GEANT4",
    title = "{GEANT4: A Simulation toolkit}",
    reportNumber = "SLAC-PUB-9350, FERMILAB-PUB-03-339",
    doi = "10.1016/S0168-9002(03)01368-8",
    journal = "Nucl. Instrum. Meth. A",
    volume = "506",
    pages = "250--303",
    year = "2003"
}
@Article{Cacciari:2008gp,
     AUTHOR    = "Cacciari, Matteo and Salam, Gavin P. and Soyez, Gregory",
     TITLE     = "The anti-$k_t$ jet clustering algorithm",
     JOURNAL   = "JHEP",
     VOLUME    = "04",
     YEAR      = "2008",
     PAGES     = "063",
     doi       = "10.1088/1126-6708/2008/04/063",
     eprint         = "0802.1189",
     archivePrefix  = "arXiv",
     primaryClass   = "hep-ex",
}
@article{Csaki:2015fba,
      author         = "Csaki, Csaba and Kuflik, Eric and Lombardo, Salvator and
                        Slone, Oren",
      title          = "{Searching for displaced Higgs boson decays}",
      journal        = "Phys. Rev.",
      volume         = "D92",
      year           = "2015",
      number         = "7",
      pages          = "073008",
      doi            = "10.1103/PhysRevD.92.073008",
      eprint         = "1508.01522",
      archivePrefix  = "arXiv",
      primaryClass   = "hep-ph",
      SLACcitation   = "%%CITATION = ARXIV:1508.01522;%%"
}
@article{Craig:2015pha,
      author         = "Craig, Nathaniel and Katz, Andrey and Strassler, Matt and
                        Sundrum, Raman",
      title          = "{Naturalness in the Dark at the LHC}",
      journal        = "JHEP",
      volume         = "07",
      year           = "2015",
      pages          = "105",
      doi            = "10.1007/JHEP07(2015)105",
      eprint         = "1501.05310",
      archivePrefix  = "arXiv",
      primaryClass   = "hep-ph",
      reportNumber   = "UMD-PP-014-028, CERN-PH-TH-2014-263",
      SLACcitation   = "%%CITATION = ARXIV:1501.05310;%%"
}
@article{Chacko:2005pe,
      author         = "Chacko, Z. and Goh, Hock-Seng and Harnik, Roni",
      title          = "{The Twin Higgs: Natural electroweak breaking from mirror
                        symmetry}",
      journal        = "Phys. Rev. Lett.",
      volume         = "96",
      year           = "2006",
      pages          = "231802",
      doi            = "10.1103/PhysRevLett.96.231802",
      eprint         = "hep-ph/0506256",
      archivePrefix  = "arXiv",
      primaryClass   = "hep-ph",
      SLACcitation   = "%%CITATION = HEP-PH/0506256;%%"
}
@article{Sirunyan:2017jdo,
      author         = "Sirunyan, Albert M and others",
      title          = "{Search for new long-lived particles at $\sqrt{s} =$ 13
                        TeV}",
      collaboration  = "CMS",
      journal        = "Phys. Lett.",
      volume         = "B780",
      year           = "2018",
      pages          = "432-454",
      doi            = "10.1016/j.physletb.2018.03.019",
      eprint         = "1711.09120",
      archivePrefix  = "arXiv",
      primaryClass   = "hep-ex",
      reportNumber   = "CMS-EXO-16-003, CERN-EP-2017-264",
      SLACcitation   = "%%CITATION = ARXIV:1711.09120;%%"
}
@techreport{CMS-PAS-EXO-19-021,
      title         = "{Search for long-lived particles decaying into displaced
                       jets}",
      institution   = "CERN",
      collaboration = "CMS Collaboration",
      address       = "Geneva",
      number        = "CMS-PAS-EXO-19-021",
      year          = "2020",
      reportNumber  = "CMS-PAS-EXO-19-021",
      url           = "https://cds.cern.ch/record/2717071",
}
@article{displacedvertices,
    author = "Sirunyan, Albert M and others",
    collaboration = "CMS",
    title = "{Search for long-lived particles with displaced vertices in multijet events in proton-proton collisions at $\sqrt{s}= $13 TeV}",
    eprint = "1808.03078",
    archivePrefix = "arXiv",
    primaryClass = "hep-ex",
    reportNumber = "CMS-EXO-17-018, CERN-EP-2018-203",
    doi = "10.1103/PhysRevD.98.092011",
    journal = "Phys. Rev. D",
    volume = "98",
    number = "9",
    pages = "092011",
    year = "2018"
}
@article{displacedjets2016,
    author = "Sirunyan, Albert M and others",
    collaboration = "CMS",
    title = "{Search for long-lived particles decaying into displaced jets in proton-proton collisions at $\sqrt{s}=$ 13 TeV}",
    eprint = "1811.07991",
    archivePrefix = "arXiv",
    primaryClass = "hep-ex",
    reportNumber = "CMS-EXO-18-007, CERN-EP-2018-289",
    doi = "10.1103/PhysRevD.99.032011",
    journal = "Phys. Rev. D",
    volume = "99",
    number = "3",
    pages = "032011",
    year = "2019"
}
@article{delayedjets,
    author = "Sirunyan, Albert M and others",
    collaboration = "CMS",
    title = "{Search for long-lived particles using nonprompt jets and missing transverse momentum with proton-proton collisions at $\sqrt{s} =$ 13 TeV}",
    eprint = "1906.06441",
    archivePrefix = "arXiv",
    primaryClass = "hep-ex",
    reportNumber = "CMS-EXO-19-001, CERN-EP-2019-113",
    doi = "10.1016/j.physletb.2019.134876",
    journal = "Phys. Lett. B",
    volume = "797",
    pages = "134876",
    year = "2019"
}
@article{emergingjets,
    author = "Sirunyan, Albert M and others",
    collaboration = "CMS",
    title = "{Search for new particles decaying to a jet and an emerging jet}",
    eprint = "1810.10069",
    archivePrefix = "arXiv",
    primaryClass = "hep-ex",
    reportNumber = "CMS-EXO-18-001, CERN-EP-2018-255",
    doi = "10.1007/JHEP02(2019)179",
    journal = "JHEP",
    volume = "02",
    pages = "179",
    year = "2019"
}
@article{Sirunyan:2018kst,
    author = "Sirunyan, A. M. and others",
    archivePrefix = "arXiv",
    collaboration = "CMS",
    doi = "10.1103/PhysRevLett.121.121801",
    eprint = "1808.08242",
    journal = "Phys. Rev. Lett.",
    number = "12",
    pages = "121801",
    primaryClass = "hep-ex",
    reportNumber = "CMS-HIG-18-016, CERN-EP-2018-223",
    title = "{Observation of Higgs boson decay to bottom quarks}",
    volume = "121",
    year = "2018"
}
@article{Heinemeyer:2013xd,
    author = "Heinemeyer, C. Mariotti and others",
    archivePrefix = "arXiv",
    doi = "10.5170/CERN-2013-004",
    eprint = "1307.1347",
    pages = "404",
    primaryClass = "hep-ph",
    reportNumber = "CERN-2013-004",
    title = "{Handbook of LHC Higgs Cross Sections: 3. Higgs Properties}",
    year = "2013"
}
@article{Craig:2012vn,
    author = "Craig, Nathaniel and Thomas, Scott",
    archivePrefix = "arXiv",
    doi = "10.1007/JHEP11(2012)083",
    eprint = "1207.4835",
    journal = "JHEP",
    pages = "083",
    primaryClass = "hep-ph",
    reportNumber = "RU-NHETC-2012-15",
    title = "{Exclusive Signals of an Extended Higgs Sector}",
    volume = "11",
    year = "2012"
}
@article{PhysRevD.85.115019,
  title = {``Dark'' $Z$ implications for parity violation, rare meson decays, and Higgs physics},
  author = {Davoudiasl, Hooman and Lee, Hye-Sung and Marciano, William J.},
  journal = {Phys. Rev. D},
  volume = {85},
  issue = {11},
  pages = {115019},
  numpages = {12},
  year = {2012},
  month = {Jun},
  publisher = {American Physical Society},
  doi = {10.1103/PhysRevD.85.115019},
  url = {https://link.aps.org/doi/10.1103/PhysRevD.85.115019}
}
@article{PhysRevD.90.075004,
  title = {Exotic decays of the 125 GeV Higgs boson},
  author = {Curtin, David and Essig, Rouven and Gori, Stefania and Jaiswal, Prerit and Katz, Andrey and Liu, Tao and Liu, Zhen and McKeen, David and Shelton, Jessie and Strassler, Matthew and Surujon, Ze'ev and Tweedie, Brock and Zhong, Yi-Ming},
  journal = {Phys. Rev. D},
  volume = {90},
  issue = {7},
  pages = {075004},
  numpages = {91},
  year = {2014},
  month = {Oct},
  publisher = {American Physical Society},
  doi = {10.1103/PhysRevD.90.075004},
  url = {https://link.aps.org/doi/10.1103/PhysRevD.90.075004}
}


@article{zplusjets_atlas,
  title = {Search for the Production of a Long-Lived Neutral Particle Decaying within the ATLAS Hadronic Calorimeter in Association with a $Z$ Boson from $pp$ Collisions at $\sqrt{s}=13\text{ }\text{ }\mathrm{TeV}$},
  author = {Aaboud, M. and Aad, G. and Abbott, B. and Abdinov, O. and Abeloos, B. and Abhayasinghe, D. K. and Abidi, S. H. and AbouZeid, O. S. and Abraham, N. L. and Abramowicz, H. and Abreu, H. and Abulaiti, Y. and Acharya, B. S. and Adachi, S. and Adam, L. and Adamczyk, L. and Adelman, J. and Adersberger, M. and Adiguzel, A. and Adye, T. and Affolder, A. A. and Afik, Y. and Agheorghiesei, C. and Aguilar-Saavedra, J. A. and Ahmadov, F. and Aielli, G. and Akatsuka, S. and \AA{}kesson, T. P. A. and Akilli, E. and Akimov, A. V. and Alberghi, G. L. and Albert, J. and Albicocco, P. and Alconada Verzini, M. J. and Alderweireldt, S. and Aleksa, M. and Aleksandrov, I. N. and Alexa, C. and Alexandre, D. and Alexopoulos, T. and Alhroob, M. and Ali, B. and Alimonti, G. and Alison, J. and Alkire, S. P. and Allaire, C. and Allbrooke, B. M. M. and Allen, B. W. and Allport, P. P. and Aloisio, A. and Alonso, A. and Alonso, F. and Alpigiani, C. and Alshehri, A. A. and Alstaty, M. I. and Alvarez Gonzalez, B. and \'Alvarez Piqueras, D. and Alviggi, M. G. and Amadio, B. T. and Amaral Coutinho, Y. and Ambler, A. and Ambroz, L. and Amelung, C. and Amidei, D. and Amor Dos Santos, S. P. and Amoroso, S. and Amrouche, C. S. and An, F. and Anastopoulos, C. and Ancu, L. S. and Andari, N. and Andeen, T. and Anders, C. F. and Anders, J. K. and Anderson, K. J. and Andreazza, A. and Andrei, V. and Anelli, C. R. and Angelidakis, S. and Angelozzi, I. and Angerami, A. and Anisenkov, A. V. and Annovi, A. and Antel, C. and Anthony, M. T. and Antonelli, M. and Antrim, D. J. A. and Anulli, F. and Aoki, M. and Aparisi Pozo, J. A. and Aperio Bella, L. and Arabidze, G. and Araque, J. P. and Araujo Ferraz, V. and Araujo Pereira, R. and Arce, A. T. H. and Ardell, R. E. and Arduh, F. A. and Arguin, J-F. and Argyropoulos, S. and Arling, J.-H. and Armbruster, A. J. and Armitage, L. J. and Armstrong, A. and Arnaez, O. and Arnold, H. and Arratia, M. and Arslan, O. and Artamonov, A. and Artoni, G. and Artz, S. and Asai, S. and Asbah, N. and Asimakopoulou, E. M. and Asquith, L. and Assamagan, K. and Astalos, R. and Atkin, R. J. and Atkinson, M. and Atlay, N. B. and Augsten, K. and Avolio, G. and Avramidou, R. and Ayoub, M. K. and Azoulay, A. M. and Azuelos, G. and Baas, A. E. and Baca, M. J. and Bachacou, H. and Bachas, K. and Backes, M. and Bagnaia, P. and Bahmani, M. and Bahrasemani, H. and Bailey, A. J. and Bailey, V. R. and Baines, J. T. and Bajic, M. and Bakalis, C. and Baker, O. K. and Bakker, P. J. and Bakshi Gupta, D. and Balaji, S. and Baldin, E. M. and Balek, P. and Balli, F. and Balunas, W. K. and Balz, J. and Banas, E. and Bandyopadhyay, A. and Banerjee, S. and Bannoura, A. A. E. and Barak, L. and Barbe, W. M. and Barberio, E. L. and Barberis, D. and Barbero, M. and Barillari, T. and Barisits, M-S. and Barkeloo, J. and Barklow, T. and Barnea, R. and Barnes, S. L. and Barnett, B. M. and Barnett, R. M. and Barnovska-Blenessy, Z. and Baroncelli, A. and Barone, G. and Barr, A. J. and Barranco Navarro, L. and Barreiro, F. and Barreiro Guimar\~aes da Costa, J. and Bartoldus, R. and Barton, A. E. and Bartos, P. and Basalaev, A. and Bassalat, A. and Bates, R. L. and Batista, S. J. and Batlamous, S. and Batley, J. R. and Battaglia, M. and Bauce, M. and Bauer, F. and Bauer, K. T. and Bawa, H. S. and Beacham, J. B. and Beau, T. and Beauchemin, P. H. and Bechtle, P. and Beck, H. C. and Beck, H. P. and Becker, K. and Becker, M. and Becot, C. and Beddall, A. and Beddall, A. J. and Bednyakov, V. A. and Bedognetti, M. and Bee, C. P. and Beermann, T. A. and Begalli, M. and Begel, M. and Behera, A. and Behr, J. K. and Beisiegel, F. and Bell, A. S. and Bella, G. and Bellagamba, L. and Bellerive, A. and Bellomo, M. and Bellos, P. and Belotskiy, K. and Belyaev, N. L. and Benary, O. and Benchekroun, D. and Bender, M. and Benekos, N. and Benhammou, Y. and Benhar Noccioli, E. and Benitez, J. and Benjamin, D. P. and Benoit, M. and Bensinger, J. R. and Bentvelsen, S. and Beresford, L. and Beretta, M. and Berge, D. and Bergeaas Kuutmann, E. and Berger, N. and Bergmann, B. and Bergsten, L. J. and Beringer, J. and Berlendis, S. and Bernard, N. R. and Bernardi, G. and Bernius, C. and Bernlochner, F. U. and Berry, T. and Berta, P. and Bertella, C. and Bertoli, G. and Bertram, I. A. and Besjes, G. J. and Bessidskaia Bylund, O. and Bessner, M. and Besson, N. and Bethani, A. and Bethke, S. and Betti, A. and Bevan, A. J. and Beyer, J. and Bi, R. and Bianchi, R. M. and Biebel, O. and Biedermann, D. and Bielski, R. and Bierwagen, K. and Biesuz, N. V. and Biglietti, M. and Billoud, T. R. V. and Bindi, M. and Bingul, A. and Bini, C. and Biondi, S. and Birman, M. and Bisanz, T. and Biswal, J. P. and Bittrich, C. and Bjergaard, D. M. and Black, J. E. and Black, K. M. and Blazek, T. and Bloch, I. and Blocker, C. and Blue, A. and Blumenschein, U. and Blunier, S. and Bobbink, G. J. and Bobrovnikov, V. S. and Bocchetta, S. S. and Bocci, A. and Boerner, D. and Bogavac, D. and Bogdanchikov, A. G. and Bohm, C. and Boisvert, V. and Bokan, P. and Bold, T. and Boldyrev, A. S. and Bolz, A. E. and Bomben, M. and Bona, M. and Bonilla, J. S. and Boonekamp, M. and Borecka-Bielska, H. M. and Borisov, A. and Borissov, G. and Bortfeldt, J. and Bortoletto, D. and Bortolotto, V. and Boscherini, D. and Bosman, M. and Bossio Sola, J. D. and Bouaouda, K. and Boudreau, J. and Bouhova-Thacker, E. V. and Boumediene, D. and Bourdarios, C. and Boutle, S. K. and Boveia, A. and Boyd, J. and Boye, D. and Boyko, I. R. and Bozson, A. J. and Bracinik, J. and Brahimi, N. and Brandt, A. and Brandt, G. and Brandt, O. and Braren, F. and Bratzler, U. and Brau, B. and Brau, J. E. and Breaden Madden, W. D. and Brendlinger, K. and Brenner, L. and Brenner, R. and Bressler, S. and Brickwedde, B. and Briglin, D. L. and Britton, D. and Britzger, D. and Brock, I. and Brock, R. and Brooijmans, G. and Brooks, T. and Brooks, W. K. and Brost, E. and Broughton, J. H and Bruckman de Renstrom, P. A. and Bruncko, D. and Bruni, A. and Bruni, G. and Bruni, L. S. and Bruno, S. and Brunt, B. H. and Bruschi, M. and Bruscino, N. and Bryant, P. and Bryngemark, L. and Buanes, T. and Buat, Q. and Buchholz, P. and Buckley, A. G. and Budagov, I. A. and Bugge, M. K. and B\"uhrer, F. and Bulekov, O. and Bullock, D. and Burch, T. J. and Burdin, S. and Burgard, C. D. and Burger, A. M. and Burghgrave, B. and Burka, K. and Burke, S. and Burmeister, I. and Burr, J. T. P. and B\"uscher, V. and Buschmann, E. and Bussey, P. and Butler, J. M. and Buttar, C. M. and Butterworth, J. M. and Butti, P. and Buttinger, W. and Buzatu, A. and Buzykaev, A. R. and Cabras, G. and Cabrera Urb\'an, S. and Caforio, D. and Cai, H. and Cairo, V. M. M. and Cakir, O. and Calace, N. and Calafiura, P. and Calandri, A. and Calderini, G. and Calfayan, P. and Callea, G. and Caloba, L. P. and Calvente Lopez, S. and Calvet, D. and Calvet, S. and Calvet, T. P. and Calvetti, M. and Camacho Toro, R. and Camarda, S. and Camarero Munoz, D. and Camarri, P. and Cameron, D. and Caminal Armadans, R. and Camincher, C. and Campana, S. and Campanelli, M. and Camplani, A. and Campoverde, A. and Canale, V. and Cano Bret, M. and Cantero, J. and Cao, T. and Cao, Y. and Capeans Garrido, M. D. M. and Caprini, I. and Caprini, M. and Capua, M. and Carbone, R. M. and Cardarelli, R. and Cardillo, F. C. and Carli, I. and Carli, T. and Carlino, G. and Carlson, B. T. and Carminati, L. and Carney, R. M. D. and Caron, S. and Carquin, E. and Carr\'a, S. and Carter, J. W. S. and Casadei, D. and Casado, M. P. and Casha, A. F. and Casper, D. W. and Castelijn, R. and Castillo, F. L. and Castillo Gimenez, V. and Castro, N. F. and Catinaccio, A. and Catmore, J. R. and Cattai, A. and Caudron, J. and Cavaliere, V. and Cavallaro, E. and Cavalli, D. and Cavalli-Sforza, M. and Cavasinni, V. and Celebi, E. and Ceradini, F. and Cerda Alberich, L. and Cerqueira, A. S. and Cerri, A. and Cerrito, L. and Cerutti, F. and Cervelli, A. and Cetin, S. A. and Chafaq, A. and Chakraborty, D. and Chan, S. K. and Chan, W. S. and Chapman, J. D. and Chargeishvili, B. and Charlton, D. G. and Chau, C. C. and Chavez Barajas, C. A. and Che, S. and Chegwidden, A. and Chekanov, S. and Chekulaev, S. V. and Chelkov, G. A. and Chelstowska, M. A. and Chen, C. and Chen, C. H. and Chen, H. and Chen, J. and Chen, J. and Chen, S. and Chen, S. J. and Chen, X. and Chen, Y. and Chen, Y-H. and Cheng, H. C. and Cheng, H. J. and Cheplakov, A. and Cheremushkina, E. and Cherkaoui El Moursli, R. and Cheu, E. and Cheung, K. and Cheval\'erias, T. J. A. and Chevalier, L. and Chiarella, V. and Chiarelli, G. and Chiodini, G. and Chisholm, A. S. and Chitan, A. and Chiu, I. and Chiu, Y. H. and Chizhov, M. V. and Choi, K. and Chomont, A. R. and Chouridou, S. and Chow, Y. S. and Christodoulou, V. and Chu, M. C. and Chudoba, J. and Chuinard, A. J. and Chwastowski, J. J. and Chytka, L. and Cinca, D. and Cindro, V. and Cioar\ifmmode \u{a}\else \u{a}\fi{}, I. A. and Ciocio, A. and Cirotto, F. and Citron, Z. H. and Citterio, M. and Clark, A. and Clark, M. R. and Clark, P. J. and Clement, C. and Coadou, Y. and Cobal, M. and Coccaro, A. and Cochran, J. and Cohen, H. and Coimbra, A. E. C. and Colasurdo, L. and Cole, B. and Colijn, A. P. and Collot, J. and Conde Mui\~no, P. and Coniavitis, E. and Connell, S. H. and Connelly, I. A. and Constantinescu, S. and Conventi, F. and Cooper-Sarkar, A. M. and Cormier, F. and Cormier, K. J. R. and Corpe, L. D. and Corradi, M. and Corrigan, E. E. and Corriveau, F. and Cortes-Gonzalez, A. and Costa, M. J. and Costanza, F. and Costanzo, D. and Cottin, G. and Cowan, G. and Cox, B. E. and Crane, J. and Cranmer, K. and Crawley, S. J. and Creager, R. A. and Cree, G. and Cr\'ep\'e-Renaudin, S. and Crescioli, F. and Cristinziani, M. and Croft, V. and Crosetti, G. and Cueto, A. and Cuhadar Donszelmann, T. and Cukierman, A. R. and Czekierda, S. and Czodrowski, P. and Da Cunha Sargedas De Sousa, M. J. and Da Via, C. and Dabrowski, W. and Dado, T. and Dahbi, S. and Dai, T. and Dallaire, F. and Dallapiccola, C. and Dam, M. and D'amen, G. and Damp, J. and Dandoy, J. R. and Daneri, M. F. and Dang, N. P. and Dann, N. D and Danninger, M. and Dao, V. and Darbo, G. and Darmora, S. and Dartsi, O. and Dattagupta, A. and Daubney, T. and D'Auria, S. and Davey, W. and David, C. and Davidek, T. and Davis, D. R. and Dawe, E. and Dawson, I. and De, K. and De Asmundis, R. and De Benedetti, A. and De Beurs, M. and De Castro, S. and De Cecco, S. and De Groot, N. and de Jong, P. and De la Torre, H. and De Lorenzi, F. and De Maria, A. and De Pedis, D. and De Salvo, A. and De Sanctis, U. and De Santis, M. and De Santo, A. and De Vasconcelos Corga, K. and De Vivie De Regie, J. B. and Debenedetti, C. and Dedovich, D. V. and Dehghanian, N. and Del Gaudio, M. and Del Peso, J. and Delabat Diaz, Y. and Delgove, D. and Deliot, F. and Delitzsch, C. M. and Della Pietra, M. and Della Volpe, D. and Dell'Acqua, A. and Dell'Asta, L. and Delmastro, M. and Delporte, C. and Delsart, P. A. and DeMarco, D. A. and Demers, S. and Demichev, M. and Denisov, S. P. and Denysiuk, D. and D'Eramo, L. and Derendarz, D. and Derkaoui, J. E. and Derue, F. and Dervan, P. and Desch, K. and Deterre, C. and Dette, K. and Devesa, M. R. and Deviveiros, P. O. and Dewhurst, A. and Dhaliwal, S. and Di Bello, F. A. and Di Ciaccio, A. and Di Ciaccio, L. and Di Clemente, W. K. and Di Donato, C. and Di Girolamo, A. and Di Gregorio, G. and Di Micco, B. and Di Nardo, R. and Di Petrillo, K. F. and Di Sipio, R. and Di Valentino, D. and Diaconu, C. and Diamond, M. and Dias, F. A. and Dias Do Vale, T. and Diaz, M. A. and Dickinson, J. and Diehl, E. B. and Dietrich, J. and D\'{\i}ez Cornell, S. and Dimitrievska, A. and Dingfelder, J. and Dittus, F. and Djama, F. and Djobava, T. and Djuvsland, J. I. and Do Vale, M. A. B. and Dobre, M. and Dodsworth, D. and Doglioni, C. and Dolejsi, J. and Dolezal, Z. and Donadelli, M. and Donini, J. and D'onofrio, A. and D'Onofrio, M. and Dopke, J. and Doria, A. and Dova, M. T. and Doyle, A. T. and Drechsler, E. and Dreyer, E. and Dreyer, T. and Du, Y. and Dubinin, F. and Dubovsky, M. and Dubreuil, A. and Duchovni, E. and Duckeck, G. and Ducourthial, A. and Ducu, O. A. and Duda, D. and Dudarev, A. and Dudder, A. C. and Duffield, E. M. and Duflot, L. and D\"uhrssen, M. and D\"ulsen, C. and Dumancic, M. and Dumitriu, A. E. and Duncan, A. K. and Dunford, M. and Duperrin, A. and Duran Yildiz, H. and D\"uren, M. and Durglishvili, A. and Duschinger, D. and Dutta, B. and Duvnjak, D. and Dyndal, M. and Dysch, S. and Dziedzic, B. S. and Eckardt, C. and Ecker, K. M. and Edgar, R. C. and Eifert, T. and Eigen, G. and Einsweiler, K. and Ekelof, T. and El Kacimi, M. and El Kosseifi, R. and Ellajosyula, V. and Ellert, M. and Ellinghaus, F. and Elliot, A. A. and Ellis, N. and Elmsheuser, J. and Elsing, M. and Emeliyanov, D. and Emerman, A. and Enari, Y. and Ennis, J. S. and Epland, M. B. and Erdmann, J. and Ereditato, A. and Errede, S. and Escalier, M. and Escobar, C. and Estrada Pastor, O. and Etienvre, A. I. and Etzion, E. and Evans, H. and Ezhilov, A. and Ezzi, M. and Fabbri, F. and Fabbri, L. and Fabiani, V. and Facini, G. and Faisca Rodrigues Pereira, R. M. and Fakhrutdinov, R. M. and Falciano, S. and Falke, P. J. and Falke, S. and Faltova, J. and Fang, Y. and Fanti, M. and Farbin, A. and Farilla, A. and Farina, E. M. and Farooque, T. and Farrell, S. and Farrington, S. M. and Farthouat, P. and Fassi, F. and Fassnacht, P. and Fassouliotis, D. and Faucci Giannelli, M. and Favareto, A. and Fawcett, W. J. and Fayard, L. and Fedin, O. L. and Fedorko, W. and Feickert, M. and Feigl, S. and Feligioni, L. and Feng, C. and Feng, E. J. and Feng, M. and Fenton, M. J. and Fenyuk, A. B. and Feremenga, L. and Ferrando, J. and Ferrari, A. and Ferrari, P. and Ferrari, R. and Ferreira de Lima, D. E. and Ferrer, A. and Ferrere, D. and Ferretti, C. and Fiedler, F. and Filip\ifmmode \check{c}\else \v{c}\fi{}i\ifmmode \check{c}\else \v{c}\fi{}, A. and Filthaut, F. and Finelli, K. D. and Fiolhais, M. C. N. and Fiorini, L. and Fischer, C. and Fisher, W. C. and Flaschel, N. and Fleck, I. and Fleischmann, P. and Fletcher, R. R. M. and Flick, T. and Flierl, B. M. and Flores, L. M. and Flores Castillo, L. R. and Follega, F. M. and Fomin, N. and Forcolin, G. T. and Formica, A. and F\"orster, F. A. and Forti, A. C. and Foster, A. G. and Fournier, D. and Fox, H. and Fracchia, S. and Francavilla, P. and Franchini, M. and Franchino, S. and Francis, D. and Franconi, L. and Franklin, M. and Frate, M. and Fraternali, M. and Fray, A. N. and Freeborn, D. and Freund, B. and Freund, W. S. and Freundlich, E. M. and Frizzell, D. C. and Froidevaux, D. and Frost, J. A. and Fukunaga, C. and Fullana Torregrosa, E. and Fusayasu, T. and Fuster, J. and Gabizon, O. and Gabrielli, A. and Gabrielli, A. and Gach, G. P. and Gadatsch, S. and Gadow, P. and Gagliardi, G. and Gagnon, L. G. and Galea, C. and Galhardo, B. and Gallas, E. J. and Gallop, B. J. and Gallus, P. and Galster, G. and Gamboa Goni, R. and Gan, K. K. and Ganguly, S. and Gao, J. and Gao, Y. and Gao, Y. S. and Garc\'{\i}a, C. and Garc\'{\i}a Navarro, J. E. and Garc\'{\i}a Pascual, J. A. and Garcia-Sciveres, M. and Gardner, R. W. and Garelli, N. and Gargiulo, S. and Garonne, V. and Gasnikova, K. and Gaudiello, A. and Gaudio, G. and Gavrilenko, I. L. and Gavrilyuk, A. and Gay, C. and Gaycken, G. and Gazis, E. N. and Gee, C. N. P. and Geisen, J. and Geisen, M. and Geisler, M. P. and Gemme, C. and Genest, M. H. and Geng, C. and Gentile, S. and George, S. and Gerbaudo, D. and Gessner, G. and Ghasemi, S. and Ghasemi Bostanabad, M. and Ghneimat, M. and Giacobbe, B. and Giagu, S. and Giangiacomi, N. and Giannetti, P. and Giannini, A. and Gibson, S. M. and Gignac, M. and Gillberg, D. and Gilles, G. and Gingrich, D. M. and Giordani, M. P. and Giorgi, F. M. and Giraud, P. F. and Giromini, P. and Giugliarelli, G. and Giugni, D. and Giuli, F. and Giulini, M. and Gkaitatzis, S. and Gkialas, I. and Gkougkousis, E. L. and Gkountoumis, P. and Gladilin, L. K. and Glasman, C. and Glatzer, J. and Glaysher, P. C. F. and Glazov, A. and Goblirsch-Kolb, M. and Godlewski, J. and Goldfarb, S. and Golling, T. and Golubkov, D. and Gomes, A. and Goncalves Gama, R. and Gon\ifmmode \mbox{\c{c}}\else \c{c}\fi{}alo, R. and Gonella, G. and Gonella, L. and Gongadze, A. and Gonnella, F. and Gonski, J. L. and Gonz\'alez de la Hoz, S. and Gonzalez-Sevilla, S. and Goossens, L. and Gorbounov, P. A. and Gordon, H. A. and Gorini, B. and Gorini, E. and Gori\ifmmode \check{s}\else \v{s}\fi{}ek, A. and Goshaw, A. T. and G\"ossling, C. and Gostkin, M. I. and Gottardo, C. A. and Goudet, C. R. and Goujdami, D. and Goussiou, A. G. and Govender, N. and Goy, C. and Gozani, E. and Grabowska-Bold, I. and Gradin, P. O. J. and Graham, E. C. and Gramling, J. and Gramstad, E. and Grancagnolo, S. and Gratchev, V. and Gravila, P. M. and Gravili, F. G. and Gray, C. and Gray, H. M. and Greenwood, Z. D. and Grefe, C. and Gregersen, K. and Gregor, I. M. and Grenier, P. and Grevtsov, K. and Grieser, N. A. and Griffiths, J. and Grillo, A. A. and Grimm, K. and Grinstein, S. and Gris, Ph. and Grivaz, J.-F. and Groh, S. and Gross, E. and Grosse-Knetter, J. and Grossi, G. C. and Grout, Z. J. and Grud, C. and Grummer, A. and Guan, L. and Guan, W. and Guenther, J. and Guerguichon, A. and Guescini, F. and Guest, D. and Gugel, R. and Gui, B. and Guillemin, T. and Guindon, S. and Gul, U. and Gumpert, C. and Guo, J. and Guo, W. and Guo, Y. and Guo, Z. and Gupta, R. and Gurbuz, S. and Gustavino, G. and Gutelman, B. J. and Gutierrez, P. and Gutschow, C. and Guyot, C. and Guzik, M. P. and Gwenlan, C. and Gwilliam, C. B. and Haas, A. and Haber, C. and Hadavand, H. K. and Haddad, N. and Hadef, A. and Hageb\"ock, S. and Hagihara, M. and Hakobyan, H. and Haleem, M. and Haley, J. and Halladjian, G. and Hallewell, G. D. and Hamacher, K. and Hamal, P. and Hamano, K. and Hamilton, A. and Hamity, G. N. and Han, K. and Han, L. and Han, S. and Hanagaki, K. and Hance, M. and Handl, D. M. and Haney, B. and Hankache, R. and Hanke, P. and Hansen, E. and Hansen, J. B. and Hansen, J. D. and Hansen, M. C. and Hansen, P. H. and Hara, K. and Hard, A. S. and Harenberg, T. and Harkusha, S. and Harrison, P. F. and Hartmann, N. M. and Hasegawa, Y. and Hasib, A. and Hassani, S. and Haug, S. and Hauser, R. and Hauswald, L. and Havener, L. B. and Havranek, M. and Hawkes, C. M. and Hawkings, R. J. and Hayden, D. and Hayes, C. and Hays, C. P. and Hays, J. M. and Hayward, H. S. and Haywood, S. J. and He, F. and Heath, M. P. and Hedberg, V. and Heelan, L. and Heer, S. and Heidegger, K. K. and Heilman, J. and Heim, S. and Heim, T. and Heinemann, B. and Heinrich, J. J. and Heinrich, L. and Heinz, C. and Hejbal, J. and Helary, L. and Held, A. and Hellesund, S. and Helling, C. M. and Hellman, S. and Helsens, C. and Henderson, R. C. W. and Heng, Y. and Henkelmann, S. and Henriques Correia, A. M. and Herbert, G. H. and Herde, H. and Herget, V. and Hern\'andez Jim\'enez, Y. and Herr, H. and Herrmann, M. G. and Herrmann, T. and Herten, G. and Hertenberger, R. and Hervas, L. and Herwig, T. C. and Hesketh, G. G. and Hessey, N. P. and Higashida, A. and Higashino, S. and Hig\'on-Rodriguez, E. and Hildebrand, K. and Hill, E. and Hill, J. C. and Hill, K. K. and Hiller, K. H. and Hillier, S. J. and Hils, M. and Hinchliffe, I. and Hinterkeuser, F. and Hirose, M. and Hirschbuehl, D. and Hiti, B. and Hladik, O. and Hlaluku, D. R. and Hoad, X. and Hobbs, J. and Hod, N. and Hodgkinson, M. C. and Hoecker, A. and Hoeferkamp, M. R. and Hoenig, F. and Hohn, D. and Hohov, D. and Holmes, T. R. and Holzbock, M. and Homann, M. and Hommels, B. H. and Honda, S. and Honda, T. and Hong, T. M. and H\"onle, A. and Hooberman, B. H. and Hopkins, W. H. and Horii, Y. and Horn, P. and Horton, A. J. and Horyn, L. A. and Hostachy, J-Y. and Hostiuc, A. and Hou, S. and Hoummada, A. and Howarth, J. and Hoya, J. and Hrabovsky, M. and Hristova, I. and Hrivnac, J. and Hrynevich, A. and Hryn'ova, T. and Hsu, P. J. and Hsu, S.-C. and Hu, Q. and Hu, S. and Huang, Y. and Hubacek, Z. and Hubaut, F. and Huebner, M. and Huegging, F. and Huffman, T. B. and Huhtinen, M. and Hunter, R. F. H. and Huo, P. and Hupe, A. M. and Huseynov, N. and Huston, J. and Huth, J. and Hyneman, R. and Iacobucci, G. and Iakovidis, G. and Ibragimov, I. and Iconomidou-Fayard, L. and Idrissi, Z. and Iengo, P. and Ignazzi, R. and Igonkina, O. and Iguchi, R. and Iizawa, T. and Ikegami, Y. and Ikeno, M. and Iliadis, D. and Ilic, N. and Iltzsche, F. and Introzzi, G. and Iodice, M. and Iordanidou, K. and Ippolito, V. and Isacson, M. F. and Ishijima, N. and Ishino, M. and Ishitsuka, M. and Islam, W. and Issever, C. and Istin, S. and Ito, F. and Iturbe Ponce, J. M. and Iuppa, R. and Ivina, A. and Iwasaki, H. and Izen, J. M. and Izzo, V. and Jacka, P. and Jackson, P. and Jacobs, R. M. and Jain, V. and J\"akel, G. and Jakobi, K. B. and Jakobs, K. and Jakobsen, S. and Jakoubek, T. and Jamin, D. O. and Jansky, R. and Janssen, J. and Janus, M. and Janus, P. A. and Jarlskog, G. and Javadov, N. and Jav\ifmmode \mathring{u}\else \r{u}\fi{}rek, T. and Javurkova, M. and Jeanneau, F. and Jeanty, L. and Jejelava, J. and Jelinskas, A. and Jenni, P. and Jeong, J. and Jeong, N. and J\'ez\'equel, S. and Ji, H. and Jia, J. and Jiang, H. and Jiang, Y. and Jiang, Z. and Jiggins, S. and Jimenez Morales, F. A. and Jimenez Pena, J. and Jin, S. and Jinaru, A. and Jinnouchi, O. and Jivan, H. and Johansson, P. and Johns, K. A. and Johnson, C. A. and Jon-And, K. and Jones, R. W. L. and Jones, S. D. and Jones, S. and Jones, T. J. and Jongmanns, J. and Jorge, P. M. and Jovicevic, J. and Ju, X. and Junggeburth, J. J. and Juste Rozas, A. and Kaczmarska, A. and Kado, M. and Kagan, H. and Kagan, M. and Kaji, T. and Kajomovitz, E. and Kalderon, C. W. and Kaluza, A. and Kama, S. and Kamenshchikov, A. and Kanjir, L. and Kano, Y. and Kantserov, V. A. and Kanzaki, J. and Kaplan, L. S. and Kar, D. and Kareem, M. J. and Karentzos, E. and Karpov, S. N. and Karpova, Z. M. and Kartvelishvili, V. and Karyukhin, A. N. and Kashif, L. and Kass, R. D. and Kastanas, A. and Kataoka, Y. and Kato, C. and Katzy, J. and Kawade, K. and Kawagoe, K. and Kawamoto, T. and Kawamura, G. and Kay, E. F. and Kazanin, V. F. and Keeler, R. and Kehoe, R. and Keller, J. S. and Kellermann, E. and Kempster, J. J. and Kendrick, J. and Kepka, O. and Kersten, S. and Ker\ifmmode \check{s}\else \v{s}\fi{}evan, B. P. and Ketabchi Haghighat, S. and Keyes, R. A. and Khader, M. and Khalil-Zada, F. and Khanov, A. and Kharlamov, A. G. and Kharlamova, T. and Khoda, E. E. and Khodinov, A. and Khoo, T. J. and Khramov, E. and Khubua, J. and Kido, S. and Kiehn, M. and Kilby, C. R. and Kim, Y. K. and Kimura, N. and Kind, O. M. and King, B. T. and Kirchmeier, D. and Kirk, J. and Kiryunin, A. E. and Kishimoto, T. and Kisielewska, D. and Kitali, V. and Kivernyk, O. and Kladiva, E. and Klapdor-Kleingrothaus, T. and Klein, M. H. and Klein, M. and Klein, U. and Kleinknecht, K. and Klimek, P. and Klimentov, A. and Klingl, T. and Klioutchnikova, T. and Klitzner, F. F. and Kluit, P. and Kluth, S. and Kneringer, E. and Knoops, E. B. F. G. and Knue, A. and Kobayashi, A. and Kobayashi, D. and Kobayashi, T. and Kobel, M. and Kocian, M. and Kodys, P. and Koenig, P. T. and Koffas, T. and Koffeman, E. and K\"ohler, N. M. and Koi, T. and Kolb, M. and Koletsou, I. and Kondo, T. and Kondrashova, N. and K\"oneke, K. and K\"onig, A. C. and Kono, T. and Konoplich, R. and Konstantinides, V. and Konstantinidis, N. and Konya, B. and Kopeliansky, R. and Koperny, S. and Korcyl, K. and Kordas, K. and Koren, G. and Korn, A. and Korolkov, I. and Korolkova, E. V. and Korotkova, N. and Kortner, O. and Kortner, S. and Kosek, T. and Kostyukhin, V. V. and Kotwal, A. and Koulouris, A. and Kourkoumeli-Charalampidi, A. and Kourkoumelis, C. and Kourlitis, E. and Kouskoura, V. and Kowalewska, A. B. and Kowalewski, R. and Kowalski, T. Z. and Kozakai, C. and Kozanecki, W. and Kozhin, A. S. and Kramarenko, V. A. and Kramberger, G. and Krasnopevtsev, D. and Krasny, M. W. and Krasznahorkay, A. and Krauss, D. and Kremer, J. A. and Kretzschmar, J. and Krieger, P. and Krizka, K. and Kroeninger, K. and Kroha, H. and Kroll, J. and Kroll, J. and Krstic, J. and Kruchonak, U. and Kr\"uger, H. and Krumnack, N. and Kruse, M. C. and Kubota, T. and Kuday, S. and Kuechler, J. T. and Kuehn, S. and Kugel, A. and Kuhl, T. and Kukhtin, V. and Kukla, R. and Kulchitsky, Y. and Kuleshov, S. and Kulinich, Y. P. and Kuna, M. and Kunigo, T. and Kupco, A. and Kupfer, T. and Kuprash, O. and Kurashige, H. and Kurchaninov, L. L. and Kurochkin, Y. A. and Kurova, A. and Kurth, M. G. and Kuwertz, E. S. and Kuze, M. and Kvita, J. and Kwan, T. and La Rosa, A. and La Rosa Navarro, J. L. and La Rotonda, L. and La Ruffa, F. and Lacasta, C. and Lacava, F. and Lacey, J. and Lack, D. P. J. and Lacker, H. and Lacour, D. and Ladygin, E. and Lafaye, R. and Laforge, B. and Lagouri, T. and Lai, S. and Lammers, S. and Lampl, W. and Lan\ifmmode \mbox{\c{c}}\else \c{c}\fi{}on, E. and Landgraf, U. and Landon, M. P. J. and Lanfermann, M. C. and Lang, V. S. and Lange, J. C. and Langenberg, R. J. and Lankford, A. J. and Lanni, F. and Lantzsch, K. and Lanza, A. and Lapertosa, A. and Laplace, S. and Laporte, J. F. and Lari, T. and Lasagni Manghi, F. and Lassnig, M. and Lau, T. S. and Laudrain, A. and Lavorgna, M. and Lazzaroni, M. and Le, B. and Le Dortz, O. and Le Guirriec, E. and Le Quilleuc, E. P. and LeBlanc, M. and LeCompte, T. and Ledroit-Guillon, F. and Lee, C. A. and Lee, G. R. and Lee, L. and Lee, S. C. and Lefebvre, B. and Lefebvre, M. and Legger, F. and Leggett, C. and Lehmann, K. and Lehmann, N. and Lehmann Miotto, G. and Leight, W. A. and Leisos, A. and Leite, M. A. L. and Leitner, R. and Lellouch, D. and Leney, K. J. C. and Lenz, T. and Lenzi, B. and Leone, R. and Leone, S. and Leonidopoulos, C. and Lerner, G. and Leroy, C. and Les, R. and Lesage, A. A. J. and Lester, C. G. and Levchenko, M. and Lev\^eque, J. and Levin, D. and Levinson, L. J. and Lewis, D. and Li, B. and Li, B. and Li, C-Q. and Li, H. and Li, H. and Li, L. and Li, M. and Li, Q. and Li, Q. Y. and Li, S. and Li, X. and Li, Y. and Liang, Z. and Liberti, B. and Liblong, A. and Lie, K. and Liem, S. and Limosani, A. and Lin, C. Y. and Lin, K. and Lin, T. H. and Linck, R. A. and Lindon, J. H. and Lindquist, B. E. and Lionti, A. L. and Lipeles, E. and Lipniacka, A. and Lisovyi, M. and Liss, T. M. and Lister, A. and Litke, A. M. and Little, J. D. and Liu, B. and Liu, B. L and Liu, H. B. and Liu, H. and Liu, J. B. and Liu, J. K. K. and Liu, K. and Liu, M. and Liu, P. and Liu, Y. and Liu, Y. L. and Liu, Y. W. and Livan, M. and Lleres, A. and Llorente Merino, J. and Lloyd, S. L. and Lo, C. Y. and Lo Sterzo, F. and Lobodzinska, E. M. and Loch, P. and Lohse, T. and Lohwasser, K. and Lokajicek, M. and Long, J. D. and Long, R. E. and Longo, L. and Looper, K. A. and Lopez, J. A. and Lopez Paz, I. and Lopez Solis, A. and Lorenz, J. and Lorenzo Martinez, N. and Losada, M. and L\"osel, P. J. and L\"osle, A. and Lou, X. and Lou, X. and Lounis, A. and Love, J. and Love, P. A. and Lozano Bahilo, J. J. and Lu, H. and Lu, M. and Lu, Y. J. and Lubatti, H. J. and Luci, C. and Lucotte, A. and Luedtke, C. and Luehring, F. and Luise, I. and Luminari, L. and Lund-Jensen, B. and Lutz, M. S. and Luzi, P. M. and Lynn, D. and Lysak, R. and Lytken, E. and Lyu, F. and Lyubushkin, V. and Lyubushkina, T. and Ma, H. and Ma, L. L. and Ma, Y. and Maccarrone, G. and Macchiolo, A. and Macdonald, C. M. and Machado Miguens, J. and Madaffari, D. and Madar, R. and Mader, W. F. and Madsen, A. and Madysa, N. and Maeda, J. and Maekawa, K. and Maeland, S. and Maeno, T. and Maerker, M. and Maevskiy, A. S. and Magerl, V. and Mahon, D. J. and Maidantchik, C. and Maier, T. and Maio, A. and Majersky, O. and Majewski, S. and Makida, Y. and Makovec, N. and Malaescu, B. and Malecki, Pa. and Maleev, V. P. and Malek, F. and Mallik, U. and Malon, D. and Malone, C. and Maltezos, S. and Malyukov, S. and Mamuzic, J. and Mancini, G. and Mandi\ifmmode \acute{c}\else \'{c}\fi{}, I. and Maneira, J. and Manhaes de Andrade Filho, L. and Manjarres Ramos, J. and Mankinen, K. H. and Mann, A. and Manousos, A. and Mansoulie, B. and Mansour, J. D. and Manzoni, S. and Marantis, A. and Marceca, G. and March, L. and Marchese, L. and Marchiori, G. and Marcisovsky, M. and Marcon, C. and Marin Tobon, C. A. and Marjanovic, M. and Marroquim, F. and Marshall, Z. and Martensson, M. U. F and Marti-Garcia, S. and Martin, C. B. and Martin, T. A. and Martin, V. J. and Martin dit Latour, B. and Martinez, M. and Martinez Outschoorn, V. I. and Martin-Haugh, S. and Martoiu, V. S. and Martyniuk, A. C. and Marzin, A. and Masetti, L. and Mashimo, T. and Mashinistov, R. and Masik, J. and Maslennikov, A. L. and Mason, L. H. and Massa, L. and Massarotti, P. and Mastrandrea, P. and Mastroberardino, A. and Masubuchi, T. and M\"attig, P. and Maurer, J. and Ma\ifmmode \check{c}\else \v{c}\fi{}ek, B. and Maxfield, S. J. and Maximov, D. A. and Mazini, R. and Maznas, I. and Mazza, S. M. and Mc Goldrick, G. and Mc Kee, S. P. and McCarn, A. and McCarthy, T. G. and McClymont, L. I. and McCormack, W. P. and McDonald, E. F. and Mcfayden, J. A. and Mchedlidze, G. and McKay, M. A. and McLean, K. D. and McMahon, S. J. and McNamara, P. C. and McNicol, C. J. and McPherson, R. A. and Mdhluli, J. E. and Meadows, Z. A. and Meehan, S. and Megy, T. M. and Mehlhase, S. and Mehta, A. and Meideck, T. and Meirose, B. and Melini, D. and Mellado Garcia, B. R. and Mellenthin, J. D. and Melo, M. and Meloni, F. and Melzer, A. and Menary, S. B. and Mendes Gouveia, E. D. and Meng, L. and Meng, X. T. and Menke, S. and Meoni, E. and Mergelmeyer, S. and Merkt, S. A. M. and Merlassino, C. and Mermod, P. and Merola, L. and Meroni, C. and Merritt, F. S. and Messina, A. and Metcalfe, J. and Mete, A. S. and Meyer, C. and Meyer, J. and Meyer, J-P. and Meyer Zu Theenhausen, H. and Miano, F. and Middleton, R. P. and Mijovi\ifmmode \acute{c}\else \'{c}\fi{}, L. and Mikenberg, G. and Mikestikova, M. and Miku\ifmmode \check{z}\else \v{z}\fi{}, M. and Milesi, M. and Milic, A. and Millar, D. A. and Miller, D. W. and Milov, A. and Milstead, D. A. and Mina, R. A. and Minaenko, A. A. and Mi\~nano Moya, M. and Minashvili, I. A. and Mincer, A. I. and Mindur, B. and Mineev, M. and Minegishi, Y. and Ming, Y. and Mir, L. M. and Mirto, A. and Mistry, K. P. and Mitani, T. and Mitrevski, J. and Mitsou, V. A. and Mittal, M. and Miucci, A. and Miyagawa, P. S. and Mizukami, A. and Mj\"ornmark, J. U. and Mkrtchyan, T. and Mlynarikova, M. and Moa, T. and Mochizuki, K. and Mogg, P. and Mohapatra, S. and Molander, S. and Moles-Valls, R. and Mondragon, M. C. and M\"onig, K. and Monk, J. and Monnier, E. and Montalbano, A. and Montejo Berlingen, J. and Monticelli, F. and Monzani, S. and Morange, N. and Moreno, D. and Moreno Ll\'acer, M. and Morettini, P. and Morgenstern, M. and Morgenstern, S. and Mori, D. and Morii, M. and Morinaga, M. and Morisbak, V. and Morley, A. K. and Mornacchi, G. and Morris, A. P. and Morris, J. D. and Morvaj, L. and Moschovakos, P. and Mosidze, M. and Moss, H. J. and Moss, J. and Motohashi, K. and Mount, R. and Mountricha, E. and Moyse, E. J. W. and Muanza, S. and Mueller, F. and Mueller, J. and Mueller, R. S. P. and Muenstermann, D. and Mullier, G. A. and Munoz Sanchez, F. J. and Murin, P. and Murray, W. J. and Murrone, A. and Mu\ifmmode \check{s}\else \v{s}\fi{}kinja, M. and Mwewa, C. and Myagkov, A. G. and Myers, J. and Myska, M. and Nachman, B. P. and Nackenhorst, O. and Nagai, K. and Nagano, K. and Nagasaka, Y. and Nagel, M. and Nagy, E. and Nairz, A. M. and Nakahama, Y. and Nakamura, K. and Nakamura, T. and Nakano, I. and Nanjo, H. and Napolitano, F. and Naranjo Garcia, R. F. and Narayan, R. and Narrias Villar, D. I. and Naryshkin, I. and Naumann, T. and Navarro, G. and Nayyar, R. and Neal, H. A. and Nechaeva, P. Y. and Neep, T. J. and Negri, A. and Negrini, M. and Nektarijevic, S. and Nellist, C. and Nelson, M. E. and Nemecek, S. and Nemethy, P. and Nessi, M. and Neubauer, M. S. and Neumann, M. and Newman, P. R. and Ng, T. Y. and Ng, Y. S. and Ng, Y. W. Y. and Nguyen, H. D. N. and Nguyen Manh, T. and Nibigira, E. and Nickerson, R. B. and Nicolaidou, R. and Nielsen, D. S. and Nielsen, J. and Nikiforou, N. and Nikolaenko, V. and Nikolic-Audit, I. and Nikolopoulos, K. and Nilsson, P. and Ninomiya, Y. and Nisati, A. and Nishu, N. and Nisius, R. and Nitsche, I. and Nitta, T. and Nobe, T. and Noguchi, Y. and Nomachi, M. and Nomidis, I. and Nomura, M. A. and Nooney, T. and Nordberg, M. and Norjoharuddeen, N. and Novak, T. and Novgorodova, O. and Novotny, R. and Nozka, L. and Ntekas, K. and Nurse, E. and Nuti, F. and Oakham, F. G. and Oberlack, H. and Ocariz, J. and Ochi, A. and Ochoa, I. and Ochoa-Ricoux, J. P. and O'Connor, K. and Oda, S. and Odaka, S. and Oerdek, S. and Oh, A. and Oh, S. H. and Ohm, C. C. and Oide, H. and Ojeda, M. L. and Okawa, H. and Okazaki, Y. and Okumura, Y. and Okuyama, T. and Olariu, A. and Oleiro Seabra, L. F. and Olivares Pino, S. A. and Oliveira Damazio, D. and Oliver, J. L. and Olsson, M. J. R. and Olszewski, A. and Olszowska, J. and O'Neil, D. C. and Onofre, A. and Onogi, K. and Onyisi, P. U. E. and Oppen, H. and Oreglia, M. J. and Orellana, G. E. and Oren, Y. and Orestano, D. and Orgill, E. C. and Orlando, N. and O'Rourke, A. A. and Orr, R. S. and Osculati, B. and O'Shea, V. and Ospanov, R. and Otero y Garzon, G. and Otono, H. and Ouchrif, M. and Ould-Saada, F. and Ouraou, A. and Ouyang, Q. and Owen, M. and Owen, R. E. and Ozcan, V. E. and Ozturk, N. and Pacalt, J. and Pacey, H. A. and Pachal, K. and Pacheco Pages, A. and Pacheco Rodriguez, L. and Padilla Aranda, C. and Pagan Griso, S. and Paganini, M. and Palacino, G. and Palazzo, S. and Palestini, S. and Palka, M. and Pallin, D. and Panagoulias, I. and Pandini, C. E. and Panduro Vazquez, J. G. and Pani, P. and Panizzo, G. and Paolozzi, L. and Papadopoulou, T. D. and Papageorgiou, K. and Paramonov, A. and Paredes Hernandez, D. and Paredes Saenz, S. R. and Parida, B. and Park, T. H. and Parker, A. J. and Parker, K. A. and Parker, M. A. and Parodi, F. and Parsons, J. A. and Parzefall, U. and Pascuzzi, V. R. and Pasner, J. M. P. and Pasqualucci, E. and Passaggio, S. and Pastore, F. and Pasuwan, P. and Pataraia, S. and Pater, J. R. and Pathak, A. and Pauly, T. and Pearson, B. and Pedersen, M. and Pedraza Diaz, L. and Pedro, R. and Peleganchuk, S. V. and Penc, O. and Peng, C. and Peng, H. and Peralva, B. S. and Perego, M. M. and Pereira Peixoto, A. P. and Perepelitsa, D. V. and Peri, F. and Perini, L. and Pernegger, H. and Perrella, S. and Peshekhonov, V. D. and Peters, K. and Peters, R. F. Y. and Petersen, B. A. and Petersen, T. C. and Petit, E. and Petridis, A. and Petridou, C. and Petroff, P. and Petrov, M. and Petrucci, F. and Pettee, M. and Pettersson, N. E. and Peyaud, A. and Pezoa, R. and Pham, T. and Phillips, F. H. and Phillips, P. W. and Phipps, M. W. and Piacquadio, G. and Pianori, E. and Picazio, A. and Pickles, R. H. and Piegaia, R. and Pilcher, J. E. and Pilkington, A. D. and Pinamonti, M. and Pinfold, J. L. and Pitt, M. and Pizzimento, L. and Pleier, M.-A. and Pleskot, V. and Plotnikova, E. and Pluth, D. and Podberezko, P. and Poettgen, R. and Poggi, R. and Poggioli, L. and Pogrebnyak, I. and Pohl, D. and Pokharel, I. and Polesello, G. and Poley, A. and Policicchio, A. and Polifka, R. and Polini, A. and Pollard, C. S. and Polychronakos, V. and Ponomarenko, D. and Pontecorvo, L. and Popeneciu, G. A. and Portillo Quintero, D. M. and Pospisil, S. and Potamianos, K. and Potrap, I. N. and Potter, C. J. and Potti, H. and Poulsen, T. and Poveda, J. and Powell, T. D. and Pozo Astigarraga, M. E. and Pralavorio, P. and Prell, S. and Price, D. and Primavera, M. and Prince, S. and Proffitt, M. L. and Proklova, N. and Prokofiev, K. and Prokoshin, F. and Protopopescu, S. and Proudfoot, J. and Przybycien, M. and Puri, A. and Puzo, P. and Qian, J. and Qin, Y. and Quadt, A. and Queitsch-Maitland, M. and Qureshi, A. and Rados, P. and Ragusa, F. and Rahal, G. and Raine, J. A. and Rajagopalan, S. and Ramirez Morales, A. and Ran, K. and Rashid, T. and Raspopov, S. and Ratti, M. G. and Rauch, D. M. and Rauscher, F. and Rave, S. and Ravina, B. and Ravinovich, I. and Rawling, J. H. and Raymond, M. and Read, A. L. and Readioff, N. P. and Reale, M. and Rebuzzi, D. M. and Redelbach, A. and Redlinger, G. and Reece, R. and Reed, R. G. and Reeves, K. and Rehnisch, L. and Reichert, J. and Reikher, D. and Reiss, A. and Rej, A. and Rembser, C. and Ren, H. and Rescigno, M. and Resconi, S. and Resseguie, E. D. and Rettie, S. and Reynolds, E. and Rezanova, O. L. and Reznicek, P. and Ricci, E. and Richter, R. and Richter, S. and Richter-Was, E. and Ricken, O. and Ridel, M. and Rieck, P. and Riegel, C. J. and Rifki, O. and Rijssenbeek, M. and Rimoldi, A. and Rimoldi, M. and Rinaldi, L. and Ripellino, G. and Risti\ifmmode \acute{c}\else \'{c}\fi{}, B. and Ritsch, E. and Riu, I. and Rivera Vergara, J. C. and Rizatdinova, F. and Rizvi, E. and Rizzi, C. and Roberts, R. T. and Robertson, S. H. and Robinson, D. and Robinson, J. E. M. and Robson, A. and Rocco, E. and Roda, C. and Rodina, Y. and Rodriguez Bosca, S. and Rodriguez Perez, A. and Rodriguez Rodriguez, D. and Rodr\'{\i}guez Vera, A. M. and Roe, S. and Rogan, C. S. and R\o{}hne, O. and R\"ohrig, R. and Roland, C. P. A. and Roloff, J. and Romaniouk, A. and Romano, M. and Rompotis, N. and Ronzani, M. and Roos, L. and Rosati, S. and Rosbach, K. and Rosien, N-A. and Rosser, B. J. and Rossi, E. and Rossi, E. and Rossi, E. and Rossi, L. P. and Rossini, L. and Rosten, J. H. N. and Rosten, R. and Rotaru, M. and Rothberg, J. and Rousseau, D. and Roy, D. and Rozanov, A. and Rozen, Y. and Ruan, X. and Rubbo, F. and R\"uhr, F. and Ruiz-Martinez, A. and Rurikova, Z. and Rusakovich, N. A. and Russell, H. L. and Rutherfoord, J. P. and R\"uttinger, E. M. and Ryabov, Y. F. and Rybar, M. and Rybkin, G. and Ryu, S. and Ryzhov, A. and Rzehorz, G. F. and Sabatini, P. and Sabato, G. and Sacerdoti, S. and Sadrozinski, H. F-W. and Sadykov, R. and Safai Tehrani, F. and Saha, P. and Sahinsoy, M. and Sahu, A. and Saimpert, M. and Saito, M. and Saito, T. and Sakamoto, H. and Sakharov, A. and Salamani, D. and Salamanna, G. and Salazar Loyola, J. E. and Sales De Bruin, P. H. and Salihagic, D. and Salnikov, A. and Salt, J. and Salvatore, D. and Salvatore, F. and Salvucci, A. and Salzburger, A. and Samarati, J. and Sammel, D. and Sampsonidis, D. and Sampsonidou, D. and S\'anchez, J. and Sanchez Pineda, A. and Sandaker, H. and Sander, C. O. and Sandhoff, M. and Sandoval, C. and Sankey, D. P. C. and Sannino, M. and Sano, Y. and Sansoni, A. and Santoni, C. and Santos, H. and Santoyo Castillo, I. and Santra, A. and Sapronov, A. and Saraiva, J. G. and Sasaki, O. and Sato, K. and Sauvan, E. and Savard, P. and Savic, N. and Sawada, R. and Sawyer, C. and Sawyer, L. and Sbarra, C. and Sbrizzi, A. and Scanlon, T. and Schaarschmidt, J. and Schacht, P. and Schachtner, B. M. and Schaefer, D. and Schaefer, L. and Schaeffer, J. and Schaepe, S. and Sch\"afer, U. and Schaffer, A. C. and Schaile, D. and Schamberger, R. D. and Scharmberg, N. and Schegelsky, V. A. and Scheirich, D. and Schenck, F. and Schernau, M. and Schiavi, C. and Schier, S. and Schildgen, L. K. and Schillaci, Z. M. and Schioppa, E. J. and Schioppa, M. and Schleicher, K. E. and Schlenker, S. and Schmidt-Sommerfeld, K. R. and Schmieden, K. and Schmitt, C. and Schmitt, S. and Schmitz, S. and Schmoeckel, J. C. and Schnoor, U. and Schoeffel, L. and Schoening, A. and Schopf, E. and Schott, M. and Schouwenberg, J. F. P. and Schovancova, J. and Schramm, S. and Schulte, A. and Schultz-Coulon, H-C. and Schumacher, M. and Schumm, B. A. and Schune, Ph. and Schwartzman, A. and Schwarz, T. A. and Schwemling, Ph. and Schwienhorst, R. and Sciandra, A. and Sciolla, G. and Scornajenghi, M. and Scuri, F. and Scutti, F. and Scyboz, L. M. and Sebastiani, C. D. and Seema, P. and Seidel, S. C. and Seiden, A. and Seiss, T. and Seixas, J. M. and Sekhniaidze, G. and Sekhon, K. and Sekula, S. J. and Semprini-Cesari, N. and Sen, S. and Senkin, S. and Serfon, C. and Serin, L. and Serkin, L. and Sessa, M. and Severini, H. and Sforza, F. and Sfyrla, A. and Shabalina, E. and Shahinian, J. D. and Shaikh, N. W. and Shaked Renous, D. and Shan, L. Y. and Shang, R. and Shank, J. T. and Shapiro, M. and Sharma, A. S. and Sharma, A. and Shatalov, P. B. and Shaw, K. and Shaw, S. M. and Shcherbakova, A. and Shen, Y. and Sherafati, N. and Sherman, A. D. and Sherwood, P. and Shi, L. and Shimizu, S. and Shimmin, C. O. and Shimogama, Y. and Shimojima, M. and Shipsey, I. P. J. and Shirabe, S. and Shiyakova, M. and Shlomi, J. and Shmeleva, A. and Shoaleh Saadi, D. and Shochet, M. J. and Shojaii, S. and Shope, D. R. and Shrestha, S. and Shulga, E. and Sicho, P. and Sickles, A. M. and Sidebo, P. E. and Sideras Haddad, E. and Sidiropoulou, O. and Sidoti, A. and Siegert, F. and Sijacki, Dj. and Silva, J. and Silva, M. and Silva Oliveira, M. V. and Silverstein, S. B. and Simion, S. and Simioni, E. and Simon, M. and Simoniello, R. and Sinervo, P. and Sinev, N. B. and Sioli, M. and Siral, I. and Sivoklokov, S. Yu. and Sj\"olin, J. and Skubic, P. and Slater, M. and Slavicek, T. and Slawinska, M. and Sliwa, K. and Slovak, R. and Smakhtin, V. and Smart, B. H. and Smiesko, J. and Smirnov, N. and Smirnov, S. Yu. and Smirnov, Y. and Smirnova, L. N. and Smirnova, O. and Smith, J. W. and Smizanska, M. and Smolek, K. and Smykiewicz, A. and Snesarev, A. A. and Snyder, I. M. and Snyder, S. and Sobie, R. and Soffa, A. M. and Soffer, A. and S\o{}gaard, A. and Soh, D. A. and Sokhrannyi, G. and Solans Sanchez, C. A. and Solar, M. and Soldatov, E. Yu. and Soldevila, U. and Solodkov, A. A. and Soloshenko, A. and Solovyanov, O. V. and Solovyev, V. and Sommer, P. and Son, H. and Song, W. and Song, W. Y. and Sopczak, A. and Sopkova, F. and Sotiropoulou, C. L. and Sottocornola, S. and Soualah, R. and Soukharev, A. M. and South, D. and Sowden, B. C. and Spagnolo, S. and Spalla, M. and Spangenberg, M. and Span\`o, F. and Sperlich, D. and Spieker, T. M. and Spighi, R. and Spigo, G. and Spiller, L. A. and Spiteri, D. P. and Spousta, M. and Stabile, A. and Stamen, R. and Stamm, S. and Stanecka, E. and Stanek, R. W. and Stanescu, C. and Stanislaus, B. and Stanitzki, M. M. and Stapf, B. and Stapnes, S. and Starchenko, E. A. and Stark, G. H. and Stark, J. and Stark, S. H and Staroba, P. and Starovoitov, P. and St\"arz, S. and Staszewski, R. and Stegler, M. and Steinberg, P. and Stelzer, B. and Stelzer, H. J. and Stelzer-Chilton, O. and Stenzel, H. and Stevenson, T. J. and Stewart, G. A. and Stockton, M. C. and Stoicea, G. and Stolte, P. and Stonjek, S. and Straessner, A. and Strandberg, J. and Strandberg, S. and Strauss, M. and Strizenec, P. and Str\"ohmer, R. and Strom, D. M. and Stroynowski, R. and Strubig, A. and Stucci, S. A. and Stugu, B. and Stupak, J. and Styles, N. A. and Su, D. and Su, J. and Suchek, S. and Sugaya, Y. and Suk, M. and Sulin, V. V. and Sullivan, M. J. and Sultan, D. M. S. and Sultansoy, S. and Sumida, T. and Sun, S. and Sun, X. and Suruliz, K. and Suster, C. J. E. and Sutton, M. R. and Suzuki, S. and Svatos, M. and Swiatlowski, M. and Swift, S. P. and Sydorenko, A. and Sykora, I. and Sykora, T. and Ta, D. and Tackmann, K. and Taenzer, J. and Taffard, A. and Tafirout, R. and Tahirovic, E. and Taiblum, N. and Takai, H. and Takashima, R. and Takasugi, E. H. and Takeda, K. and Takeshita, T. and Takubo, Y. and Talby, M. and Talyshev, A. A. and Tanaka, J. and Tanaka, M. and Tanaka, R. and Tannenwald, B. B. and Tapia Araya, S. and Tapprogge, S. and Tarek Abouelfadl Mohamed, A. and Tarem, S. and Tarna, G. and Tartarelli, G. F. and Tas, P. and Tasevsky, M. and Tashiro, T. and Tassi, E. and Tavares Delgado, A. and Tayalati, Y. and Taylor, A. C. and Taylor, A. J. and Taylor, G. N. and Taylor, P. T. E. and Taylor, W. and Tee, A. S. and Teixeira De Lima, R. and Teixeira-Dias, P. and Ten Kate, H. and Teoh, J. J. and Terada, S. and Terashi, K. and Terron, J. and Terzo, S. and Testa, M. and Teuscher, R. J. and Thais, S. J. and Theveneaux-Pelzer, T. and Thiele, F. and Thomas, D. W. and Thomas, J. P. and Thompson, A. S. and Thompson, P. D. and Thomsen, L. A. and Thomson, E. and Tian, Y. and Ticse Torres, R. E. and Tikhomirov, V. O. and Tikhonov, Yu. A. and Timoshenko, S. and Tipton, P. and Tisserant, S. and Todome, K. and Todorova-Nova, S. and Todt, S. and Tojo, J. and Tok\'ar, S. and Tokushuku, K. and Tolley, E. and Tomiwa, K. G. and Tomoto, M. and Tompkins, L. and Toms, K. and Tong, B. and Tornambe, P. and Torrence, E. and Torres, H. and Torr\'o Pastor, E. and Tosciri, C. and Toth, J. and Touchard, F. and Tovey, D. R. and Treado, C. J. and Trefzger, T. and Tresoldi, F. and Tricoli, A. and Trigger, I. M. and Trincaz-Duvoid, S. and Tripiana, M. F. and Trischuk, W. and Trocm\'e, B. and Trofymov, A. and Troncon, C. and Trovatelli, M. and Trovato, F. and Truong, L. and Trzebinski, M. and Trzupek, A. and Tsai, F. and Tseng, J. C-L. and Tsiareshka, P. V. and Tsirigotis, A. and Tsirintanis, N. and Tsiskaridze, V. and Tskhadadze, E. G. and Tsukerman, I. I. and Tsulaia, V. and Tsuno, S. and Tsybychev, D. and Tu, Y. and Tudorache, A. and Tudorache, V. and Tulbure, T. T. and Tuna, A. N. and Turchikhin, S. and Turgeman, D. and Turk Cakir, I. and Turra, R. and Tuts, P. M. and Tzovara, E. and Ucchielli, G. and Ueda, I. and Ughetto, M. and Ukegawa, F. and Unal, G. and Undrus, A. and Unel, G. and Ungaro, F. C. and Unno, Y. and Uno, K. and Urban, J. and Urquijo, P. and Urrejola, P. and Usai, G. and Usui, J. and Vacavant, L. and Vacek, V. and Vachon, B. and Vadla, K. O. H. and Vaidya, A. and Valderanis, C. and Valdes Santurio, E. and Valente, M. and Valentinetti, S. and Valero, A. and Val\'ery, L. and Vallance, R. A. and Vallier, A. and Valls Ferrer, J. A. and Van Daalen, T. R. and Van der Graaf, H. and Van Gemmeren, P. and Van Vulpen, I. and Vanadia, M. and Vandelli, W. and Vaniachine, A. and Vankov, P. and Vari, R. and Varnes, E. W. and Varni, C. and Varol, T. and Varouchas, D. and Varvell, K. E. and Vasquez, G. A. and Vasquez, J. G. and Vazeille, F. and Vazquez Furelos, D. and Vazquez Schroeder, T. and Veatch, J. and Vecchio, V. and Veloce, L. M. and Veloso, F. and Veneziano, S. and Ventura, A. and Venturi, N. and Vercesi, V. and Verducci, M. and Vergel Infante, C. M. and Vergis, C. and Verkerke, W. and Vermeulen, A. T. and Vermeulen, J. C. and Vetterli, M. C. and Viaux Maira, N. and Vicente Barreto Pinto, M. and Vichou, I. and Vickey, T. and Vickey Boeriu, O. E. and Viehhauser, G. H. A. and Viel, S. and Vigani, L. and Villa, M. and Villaplana Perez, M. and Vilucchi, E. and Vincter, M. G. and Vinogradov, V. B. and Vishwakarma, A. and Vittori, C. and Vivarelli, I. and Vlachos, S. and Vogel, M. and Vokac, P. and Volpi, G. and von Buddenbrock, S. E. and Von Toerne, E. and Vorobel, V. and Vorobev, K. and Vos, M. and Vossebeld, J. H. and Vranjes, N. and Vranjes Milosavljevic, M. and Vrba, V. and Vreeswijk, M. and \ifmmode \check{S}\else \v{S}\fi{}filigoj, T. and Vuillermet, R. and Vukotic, I. and \ifmmode \check{Z}\else \v{Z}\fi{}eni\ifmmode \check{s}\else \v{s}\fi{}, T. and \ifmmode \check{Z}\else \v{Z}\fi{}ivkovi\ifmmode \acute{c}\else \'{c}\fi{}, L. and Wagner, P. and Wagner, W. and Wagner-Kuhr, J. and Wahlberg, H. and Wahrmund, S. and Wakamiya, K. and Walbrecht, V. M. and Walder, J. and Walker, R. and Walker, S. D. and Walkowiak, W. and Wallangen, V. and Wang, A. M. and Wang, C. and Wang, F. and Wang, H. and Wang, H. and Wang, J. and Wang, J. and Wang, P. and Wang, Q. and Wang, R.-J. and Wang, R. and Wang, R. and Wang, S. M. and Wang, W. T. and Wang, W. and Wang, W. X. and Wang, Y. and Wang, Z. and Wanotayaroj, C. and Warburton, A. and Ward, C. P. and Wardrope, D. R. and Washbrook, A. and Watkins, P. M. and Watson, A. T. and Watson, M. F. and Watts, G. and Watts, S. and Waugh, B. M. and Webb, A. F. and Webb, S. and Weber, C. and Weber, M. S. and Weber, S. A. and Weber, S. M. and Weidberg, A. R. and Weingarten, J. and Weirich, M. and Weiser, C. and Wells, P. S. and Wenaus, T. and Wengler, T. and Wenig, S. and Wermes, N. and Werner, M. D. and Werner, P. and Wessels, M. and Weston, T. D. and Whalen, K. and Whallon, N. L. and Wharton, A. M. and White, A. S. and White, A. and White, M. J. and White, R. and Whiteson, D. and Whitmore, B. W. and Wickens, F. J. and Wiedenmann, W. and Wielers, M. and Wiglesworth, C. and Wiik-Fuchs, L. A. M. and Wilk, F. and Wilkens, H. G. and Wilkins, L. J. and Williams, H. H. and Williams, S. and Willis, C. and Willocq, S. and Wilson, J. A. and Wingerter-Seez, I. and Winkels, E. and Winklmeier, F. and Winston, O. J. and Winter, B. T. and Wittgen, M. and Wobisch, M. and Wolf, A. and Wolf, T. M. H. and Wolff, R. and Wolter, M. W. and Wolters, H. and Wong, V. W. S. and Woods, N. L. and Worm, S. D. and Wosiek, B. K. and Wo\ifmmode \acute{z}\else \'{z}\fi{}niak, K. W. and Wraight, K. and Wu, M. and Wu, S. L. and Wu, X. and Wu, Y. and Wyatt, T. R. and Wynne, B. M. and Xella, S. and Xi, Z. and Xia, L. and Xu, D. and Xu, H. and Xu, L. and Xu, T. and Xu, W. and Xu, Z. and Yabsley, B. and Yacoob, S. and Yajima, K. and Yallup, D. P. and Yamaguchi, D. and Yamaguchi, Y. and Yamamoto, A. and Yamanaka, T. and Yamane, F. and Yamatani, M. and Yamazaki, T. and Yamazaki, Y. and Yan, Z. and Yang, H. J. and Yang, H. T. and Yang, S. and Yang, Y. and Yang, Z. and Yao, W-M. and Yap, Y. C. and Yasu, Y. and Yatsenko, E. and Ye, J. and Ye, S. and Yeletskikh, I. and Yigitbasi, E. and Yildirim, E. and Yorita, K. and Yoshihara, K. and Young, C. J. S. and Young, C. and Yu, J. and Yu, J. and Yue, X. and Yuen, S. P. Y. and Zabinski, B. and Zacharis, G. and Zaffaroni, E. and Zaidan, R. and Zaitsev, A. M. and Zakareishvili, T. and Zakharchuk, N. and Zalieckas, J. and Zambito, S. and Zanzi, D. and Zaripovas, D. R. and Zei\ss{}ner, S. V. and Zeitnitz, C. and Zemaityte, G. and Zeng, J. C. and Zeng, Q. and Zenin, O. and Zerwas, D. and Zgubi\ifmmode \check{c}\else \v{c}\fi{}, M. and Zhang, D. F. and Zhang, D. and Zhang, F. and Zhang, G. and Zhang, G. and Zhang, H. and Zhang, J. and Zhang, L. and Zhang, L. and Zhang, M. and Zhang, P. and Zhang, R. and Zhang, R. and Zhang, X. and Zhang, Y. and Zhang, Z. and Zhao, P. and Zhao, Y. and Zhao, Z. and Zhemchugov, A. and Zheng, Z. and Zhong, D. and Zhou, B. and Zhou, C. and Zhou, L. and Zhou, M. S. and Zhou, M. and Zhou, N. and Zhou, Y. and Zhu, C. G. and Zhu, H. L. and Zhu, H. and Zhu, J. and Zhu, Y. and Zhuang, X. and Zhukov, K. and Zhulanov, V. and Zibell, A. and Zieminska, D. and Zimine, N. I. and Zimmermann, S. and Zinonos, Z. and Ziolkowski, M. and Zobernig, G. and Zoccoli, A. and Zoch, K. and Zorbas, T. G. and Zou, R. and Zur Nedden, M. and Zwalinski, L.},
  collaboration = {ATLAS Collaboration},
  journal = {Phys. Rev. Lett.},
  volume = {122},
  issue = {15},
  pages = {151801},
  numpages = {19},
  year = {2019},
  month = {Apr},
  publisher = {American Physical Society},
  doi = {10.1103/PhysRevLett.122.151801},
  url = {https://link.aps.org/doi/10.1103/PhysRevLett.122.151801}
}

@article{ZHAN,
      author         = "A.Tumeysan and others",
      title          = "{Search for long-lived particles produced in association with a Z boson in proton-proton collisions at s = 13 TeV}",
      collaboration  = "CMS",
      journal        = "JHEP.",
      volume         = "",
      year           = "2021",
      pages          = "36",
      doi            = "10.1103/PhysRevLett.74.2422",
      eprint         = "2110.13218",
      archivePrefix  = "arXiv",
      primaryClass   = "hep-ex",
      reportNumber   = "CMS-EXO-20-003, CERN-EP-2021-198",
}

@article{Lepto,
      author         = "Shufang Su, Brooks Thomas",
      title          = "{The LHC Discovery Potential of a Leptophilic Higgs}",
      journal        = "Phys.Rev.D79:095014,2009",
      volume         = "",
      year           = "2009",
      pages          = "25",
      doi            = "10.1103/PhysRevD.79.095014",
      eprint         = "0903.0667",
      archivePrefix  = "arXiv",
      primaryClass   = "hep-ph",
      reportNumber   = "",
}

@article{topD0,
      author         = "S.Abachi and others",
      title          = "{Search for High Mass Top Quark Production in pp Collisions at s = 1.8 TeV}",
      collaboration  = "D0",
      journal        = "Phys. Lett.",
      volume         = "74",
      year           = "1995",
      pages          = "12",
      doi            = "10.1103/PhysRevLett.74.2422",
      eprint         = "9411001",
      archivePrefix  = "arXiv",
      primaryClass   = "hep-ex",
}

@article{topCDF,
      author         = "F.Abe and others",
      title          = "{Observation of Top Quark Production in pp Collisions with the Collider Detector at Fermilab}",
      collaboration  = "CDF",
      journal        = "Phys. Lett.",
      volume         = "74",
      year           = "1995",
      pages          = "21",
      doi            = "10.1103/PhysRevLett.74.2626",
      eprint         = "9503002",
      archivePrefix  = "arXiv",
      primaryClass   = "hep-ex",
      reportNumber   = "FERMILAB-PUB-95/022-E",
}


@article{higgsatlas,
      author         = "Aad, Georges and others",
      title          = "{Observation of a new particle in the search for the
                        Standard Model Higgs boson with the ATLAS detector at the
                        LHC}",
      collaboration  = "ATLAS",
      journal        = "Phys. Lett.",
      volume         = "B716",
      year           = "2012",
      pages          = "1-29",
      doi            = "10.1016/j.physletb.2012.08.020",
      eprint         = "1207.7214",
      archivePrefix  = "arXiv",
      primaryClass   = "hep-ex",
      reportNumber   = "CERN-PH-EP-2012-218",
      SLACcitation   = "%%CITATION = ARXIV:1207.7214;%%"
}
@article{higgscms,
      author         = "Chatrchyan, Serguei and others",
      title          = "{Observation of a New Boson at a Mass of 125 GeV with the
                        CMS Experiment at the LHC}",
      collaboration  = "CMS",
      journal        = "Phys. Lett.",
      volume         = "B716",
      year           = "2012",
      pages          = "30-61",
      doi            = "10.1016/j.physletb.2012.08.021",
      eprint         = "1207.7235",
      archivePrefix  = "arXiv",
      primaryClass   = "hep-ex",
      reportNumber   = "CMS-HIG-12-028, CERN-PH-EP-2012-220",
      SLACcitation   = "%%CITATION = ARXIV:1207.7235;%%"
}

@article{neutrino,
      author         = "Y.Fukuda and others",
      title          = "{Evidence for Oscillation of Atmospheric Neutrinos}",
      collaboration  = "Super-Kamiokande Collaboration",
      journal        = "Phys. Lett.",
      volume         = "81",
      year           = "1998",
      pages          = "9",
      doi            = "10.1103/PhysRevLett.81.1562",
      eprint         = "9807003",
      archivePrefix  = "arXiv",
      primaryClass   = "hep-ex",
      reportNumber   = "ICRR-Report-422-98-18,BUHEP-98-17,UCI-98-8,KEK preprint 98-95,LSU-HEPA-5-98,UMD-98-003,SBHEP98-5,TKU-PAP-98-06,TIT-HPE-98-09,CSUDH-HE P-98-04"
}



@article{displacedjets1,
      author         = "Sirunyan, Albert M and others",
      title          = "{Search for new long-lived particles at $\sqrt{s} =$ 13
                        TeV}",
      collaboration  = "CMS",
      journal        = "Phys. Lett.",
      volume         = "B780",
      year           = "2018",
      pages          = "432-454",
      doi            = "10.1016/j.physletb.2018.03.019",
      eprint         = "1711.09120",
      archivePrefix  = "arXiv",
      primaryClass   = "hep-ex",
      reportNumber   = "CMS-EXO-16-003, CERN-EP-2017-264",
      SLACcitation   = "%%CITATION = ARXIV:1711.09120;%%"
}
@article{displacedjets2,
      author         = "Sirunyan, Albert M and others",
      title          = "{Search for long-lived particles decaying into displaced
                        jets in proton-proton collisions at $\sqrt{s}=$ 13 TeV}",
      collaboration  = "CMS",
      journal        = "Phys. Rev.",
      volume         = "D99",
      year           = "2019",
      number         = "3",
      pages          = "032011",
      doi            = "10.1103/PhysRevD.99.032011",
      eprint         = "1811.07991",
      archivePrefix  = "arXiv",
      primaryClass   = "hep-ex",
      reportNumber   = "CMS-EXO-18-007, CERN-EP-2018-289",
      SLACcitation   = "%%CITATION = ARXIV:1811.07991;%%"
}
@article{displacedjets3,
      author         = "Sirunyan, Albert M and others",
      title          = "{Search for long-lived particles with displaced vertices
                        in multijet events in proton-proton collisions at
                        $\sqrt{s}= $13 TeV}",
      collaboration  = "CMS",
      journal        = "Phys. Rev.",
      volume         = "D98",
      year           = "2018",
      number         = "9",
      pages          = "092011",
      doi            = "10.1103/PhysRevD.98.092011",
      eprint         = "1808.03078",
      archivePrefix  = "arXiv",
      primaryClass   = "hep-ex",
      reportNumber   = "CMS-EXO-17-018, CERN-EP-2018-203",
      SLACcitation   = "%%CITATION = ARXIV:1808.03078;%%"
}
@article{Curtin:2015fna,
      author         = "Curtin, David and Verhaaren, Christopher B.",
      title          = "{Discovering Uncolored Naturalness in Exotic Higgs
                        Decays}",
      journal        = "JHEP",
      volume         = "12",
      year           = "2015",
      pages          = "072",
      doi            = "10.1007/JHEP12(2015)072",
      eprint         = "1506.06141",
      archivePrefix  = "arXiv",
      primaryClass   = "hep-ph",
      SLACcitation   = "%%CITATION = ARXIV:1506.06141;%%"
}
@article{Cai:2008au,
      author         = "Cai, Haiying and Cheng, Hsin-Chia and Terning, John",
      title          = "{A Quirky Little Higgs Model}",
      journal        = "JHEP",
      volume         = "05",
      year           = "2009",
      pages          = "045",
      doi            = "10.1088/1126-6708/2009/05/045",
      eprint         = "0812.0843",
      archivePrefix  = "arXiv",
      primaryClass   = "hep-ph",
      SLACcitation   = "%%CITATION = ARXIV:0812.0843;%%"
}
@article{Burdman:2006tz,
      author         = "Burdman, Gustavo and Chacko, Z. and Goh, Hock-Seng and
                        Harnik, Roni",
      title          = "{Folded supersymmetry and the LEP paradox}",
      journal        = "JHEP",
      volume         = "02",
      year           = "2007",
      pages          = "009",
      doi            = "10.1088/1126-6708/2007/02/009",
      eprint         = "hep-ph/0609152",
      archivePrefix  = "arXiv",
      primaryClass   = "hep-ph",
      reportNumber   = "SLAC-PUB-12115",
      SLACcitation   = "%%CITATION = HEP-PH/0609152;%%"
}

@article{Csaki:2013jza,
      author         = "Csaki, Csaba and Kuflik, Eric and Volansky, Tomer",
      title          = "{Dynamical R-Parity Violation}",
      journal        = "Phys. Rev. Lett.",
      volume         = "112",
      year           = "2014",
      pages          = "131801",
      doi            = "10.1103/PhysRevLett.112.131801",
      eprint         = "1309.5957",
      archivePrefix  = "arXiv",
      primaryClass   = "hep-ph",
      SLACcitation   = "%%CITATION = ARXIV:1309.5957;%%"
}
#here
@article{Chacko:2015fbc,
      author         = "Chacko, Zackaria and Curtin, David and Verhaaren,
                        Christopher B.",
      title          = "{A Quirky Probe of Neutral Naturalness}",
      journal        = "Phys. Rev.",
      volume         = "D94",
      year           = "2016",
      number         = "1",
      pages          = "011504",
      doi            = "10.1103/PhysRevD.94.011504",
      eprint         = "1512.05782",
      archivePrefix  = "arXiv",
      primaryClass   = "hep-ph",
      SLACcitation   = "%%CITATION = ARXIV:1512.05782;%%"
}
#####
@article{Baumgart:2009tn,
      author         = "Baumgart, Matthew and Cheung, Clifford and Ruderman,
                        Joshua T. and Wang, Lian-Tao and Yavin, Itay",
      title          = "{Non-Abelian Dark Sectors and Their Collider Signatures}",
      journal        = "JHEP",
      volume         = "04",
      year           = "2009",
      pages          = "014",
      doi            = "10.1088/1126-6708/2009/04/014",
      eprint         = "0901.0283",
      archivePrefix  = "arXiv",
      primaryClass   = "hep-ph",
      SLACcitation   = "%%CITATION = ARXIV:0901.0283;%%"
}
@article{Kaplan:2009ag,
      author         = "Kaplan, David E. and Luty, Markus A. and Zurek, Kathryn
                        M.",
      title          = "{Asymmetric Dark Matter}",
      journal        = "Phys. Rev.",
      volume         = "D79",
      year           = "2009",
      pages          = "115016",
      doi            = "10.1103/PhysRevD.79.115016",
      eprint         = "0901.4117",
      archivePrefix  = "arXiv",
      primaryClass   = "hep-ph",
      reportNumber   = "FERMILAB-PUB-09-345-A-T",
      SLACcitation   = "%%CITATION = ARXIV:0901.4117;%%"
}
@article{Chan:2011aa,
      author         = "Chan, Yuk Fung and Low, Matthew and Morrissey, David E.
                        and Spray, Andrew P.",
      title          = "{LHC Signatures of a Minimal Supersymmetric Hidden
                        Valley}",
      journal        = "JHEP",
      volume         = "05",
      year           = "2012",
      pages          = "155",
      doi            = "10.1007/JHEP05(2012)155",
      eprint         = "1112.2705",
      archivePrefix  = "arXiv",
      primaryClass   = "hep-ph",
      SLACcitation   = "%%CITATION = ARXIV:1112.2705;%%"
}
@article{Dienes:2011ja,
      author         = "Dienes, Keith R. and Thomas, Brooks",
      title          = "{Dynamical Dark Matter: I. Theoretical Overview}",
      journal        = "Phys. Rev.",
      volume         = "D85",
      year           = "2012",
      pages          = "083523",
      doi            = "10.1103/PhysRevD.85.083523",
      eprint         = "1106.4546",
      archivePrefix  = "arXiv",
      primaryClass   = "hep-ph",
      SLACcitation   = "%%CITATION = ARXIV:1106.4546;%%"
}
@article{Dienes:2012yz,
      author         = "Dienes, Keith R. and Su, Shufang and Thomas, Brooks",
      title          = "{Distinguishing Dynamical Dark Matter at the LHC}",
      journal        = "Phys. Rev.",
      volume         = "D86",
      year           = "2012",
      pages          = "054008",
      doi            = "10.1103/PhysRevD.86.054008",
      eprint         = "1204.4183",
      archivePrefix  = "arXiv",
      primaryClass   = "hep-ph",
      reportNumber   = "UH511-1191-12",
      SLACcitation   = "%%CITATION = ARXIV:1204.4183;%%"
}
#
@article{Cui:2014twa,
      author         = "Cui, Yanou and Shuve, Brian",
      title          = "{Probing Baryogenesis with Displaced Vertices at the
                        LHC}",
      journal        = "JHEP",
      volume         = "02",
      year           = "2015",
      pages          = "049",
      doi            = "10.1007/JHEP02(2015)049",
      eprint         = "1409.6729",
      archivePrefix  = "arXiv",
      primaryClass   = "hep-ph",
      reportNumber   = "UMD-PP-014-014",
      SLACcitation   = "%%CITATION = ARXIV:1409.6729;%%"
}
#
#
@article{Aaltonen:2011rja,
      author         = "Aaltonen, T. and others",
      title          = "{Search for heavy metastable particles decaying to jet
                        pairs in $p\bar{p}$ collisions at $\sqrt{s} = 1.96$ TeV}",
      collaboration  = "CDF",
      journal        = "Phys. Rev.",
      volume         = "D85",
      year           = "2012",
      pages          = "012007",
      doi            = "10.1103/PhysRevD.85.012007",
      eprint         = "1109.3136",
      archivePrefix  = "arXiv",
      primaryClass   = "hep-ex",
      reportNumber   = "FERMILAB-PUB-11-451-E-PPD, PUB-11-451-E-PPD",
      SLACcitation   = "%%CITATION = ARXIV:1109.3136;%%"
}
@article{Abazov:2009ik,
      author         = "Abazov, V. M. and others",
      title          = "{Search for Resonant Pair Production of long-lived
                        particles decaying to b anti-b in p anti-p collisions at
                        s**(1/2) = 1.96-TeV}",
      collaboration  = "D0",
      journal        = "Phys. Rev. Lett.",
      volume         = "103",
      year           = "2009",
      pages          = "071801",
      doi            = "10.1103/PhysRevLett.103.071801",
      eprint         = "0906.1787",
      archivePrefix  = "arXiv",
      primaryClass   = "hep-ex",
      reportNumber   = "FERMILAB-PUB-09-299-E",
      SLACcitation   = "%%CITATION = ARXIV:0906.1787;%%"
}
#I am here before biking
@article{ATLAS:2012av,
      author         = "Aad, Georges and others",
      title          = "{Search for a light Higgs boson decaying to long-lived
                        weakly-interacting particles in proton-proton collisions
                        at $\sqrt{s}=7$ TeV with the ATLAS detector}",
      collaboration  = "ATLAS",
      journal        = "Phys. Rev. Lett.",
      volume         = "108",
      year           = "2012",
      pages          = "251801",
      doi            = "10.1103/PhysRevLett.108.251801",
      eprint         = "1203.1303",
      archivePrefix  = "arXiv",
      primaryClass   = "hep-ex",
      reportNumber   = "CERN-PH-EP-2011-228",
      SLACcitation   = "%%CITATION = ARXIV:1203.1303;%%"
}
@article{Aaij:2014nma,
      author         = "Aaij, Roel and others",
      title          = "{Search for long-lived particles decaying to jet pairs}",
      collaboration  = "LHCb",
      journal        = "Eur. Phys. J.",
      volume         = "C75",
      year           = "2015",
      number         = "4",
      pages          = "152",
      doi            = "10.1140/epjc/s10052-015-3344-6",
      eprint         = "1412.3021",
      archivePrefix  = "arXiv",
      primaryClass   = "hep-ex",
      reportNumber   = "LHCB-PAPER-2014-062, CERN-PH-EP-2014-291",
      SLACcitation   = "%%CITATION = ARXIV:1412.3021;%%"
}
@article{Aad:2015uaa,
      author         = "Aad, Georges and others",
      title          = "{Search for long-lived, weakly interacting particles that
                        decay to displaced hadronic jets in proton-proton
                        collisions at $\sqrt{s}=8$ TeV with the ATLAS detector}",
      collaboration  = "ATLAS",
      journal        = "Phys. Rev.",
      volume         = "D92",
      year           = "2015",
      number         = "1",
      pages          = "012010",
      doi            = "10.1103/PhysRevD.92.012010",
      eprint         = "1504.03634",
      archivePrefix  = "arXiv",
      primaryClass   = "hep-ex",
      reportNumber   = "CERN-PH-EP-2015-071",
      SLACcitation   = "%%CITATION = ARXIV:1504.03634;%%"
}
@article{Aad:2015rba,
      author         = "Aad, Georges and others",
      title          = "{Search for massive, long-lived particles using
                        multitrack displaced vertices or displaced lepton pairs in
                        pp collisions at $\sqrt{s}$ = 8 TeV with the ATLAS
                        detector}",
      collaboration  = "ATLAS",
      journal        = "Phys. Rev.",
      volume         = "D92",
      year           = "2015",
      number         = "7",
      pages          = "072004",
      doi            = "10.1103/PhysRevD.92.072004",
      eprint         = "1504.05162",
      archivePrefix  = "arXiv",
      primaryClass   = "hep-ex",
      reportNumber   = "CERN-PH-EP-2015-065",
      SLACcitation   = "%%CITATION = ARXIV:1504.05162;%%"
}

@article{PhysRevD.91.012007,
  title = {Search for long-lived neutral particles decaying to quark-antiquark pairs in proton-proton collisions at $\sqrt{s}=8\text{ }\text{ }\mathrm{TeV}$},
  author = {Khachatryan and others},
  collaboration = {CMS Collaboration},
  journal = {Phys. Rev. D},
  volume = {91},
  issue = {1},
  pages = {012007},
  numpages = {21},
  year = {2015},
  month = {Jan},
  publisher = {American Physical Society},
  doi = {10.1103/PhysRevD.91.012007},
  url = {https://link.aps.org/doi/10.1103/PhysRevD.91.012007}
}
@article{Aad:2015asa,
      author         = "Aad, Georges and others",
      title          = "{Search for pair-produced long-lived neutral particles
                        decaying in the ATLAS hadronic calorimeter in $pp$
                        collisions at $\sqrt{s}$ = 8 TeV}",
      collaboration  = "ATLAS",
      journal        = "Phys. Lett.",
      volume         = "B743",
      year           = "2015",
      pages          = "15-34",
      doi            = "10.1016/j.physletb.2015.02.015",
      eprint         = "1501.04020",
      archivePrefix  = "arXiv",
      primaryClass   = "hep-ex",
      reportNumber   = "CERN-PH-EP-2014-228",
      SLACcitation   = "%%CITATION = ARXIV:1501.04020;%%"
}
@article{Sak:2019aaa,
      author         = "Sakuma Tai and Thomas McCauley",
      title          = "{Detector and Event Visualization with SketchUp at the CMS Experiment}",
      collaboration  = "CMS",
      journal        = "J. Physics : Conference Series",
      year           = "2014",
      doi            = "doi:10.1088/1742-6596/513/2/022032",
      eprint         = "1311.4942",
      primaryClass   = "hep-ex",
      reportNumber   = "CMS-OUTREACH-2019-001",
}
@article{Lep:2017aai,
      author         = "R.Aaij and others",
      title          = "{Test of lepton universality with B0→K∗0ℓ+ℓ− decays}",
      collaboration  = "LHCb",
      journal        = "JHEP 08",
      year           = "2017",
      doi            = "doi:10.48550/arXiv.1705.05802",
      eprint         = "1705.05802 ",
      primaryClass   = "hep-ex",
      reportNumber   = "LHCb-PAPER-2017-013",
}
@article{HPS,
      author         = "CMS collaboration",
      title          = "{Performance of reconstruction and identification of tau leptons in their decays to hadrons and tau neutrino in LHC Run-2}",
      collaboration  = "CMS",
      year           = "2016",
      reportNumber   = "CMS-PAS-TAU-16-002",
}
@article{trk,
      author         = "CMS Collaboration",
      title          = "{Alignment of the CMS silicon tracker during commissioning with cosmic rays}",
      collaboration  = "CMS",
      journal        = "JINST 5",
      year           = "2010",
      doi            = "10.1088/1748-0221/5/03/T03009",
      eprint         = "1501.04020",
      archivePrefix  = "arXiv:0910.2505",
      primaryClass   = "physics.ins-det",
      reportNumber   = "CMS-CFT-09-003",
}
@article{ecal,
      author         = "Alessandro Bartoloni and others",
      title          = "{The CMS ECAL barrel HV system}",
      collaboration  = "CMS",
      journal        = "Journal of Instrumentation",
      year           = "2013",
      doi            = "doi:10.1088/1748-0221/8/02/C02039",
}
@article{hcal,
      author         = "CMS Collaboration",
      title          = "{Calibration of the CMS hadron calorimeters using proton-proton collision data at $\sqrt{s} =$ 13 TeV}",
      collaboration  = "CMS",
      journal        = "JINST 15",
      year           = "2019",
      doi            = "doi.org/10.1088/1748-0221/15/05/P05002",
      primaryClass   = "hep-ex",
      reportNumber   = "CERN-EP-2019-179",
}
@manual{combine,
     title  = "Higgs Combination Tool -- limit setting tool",
     author = {Khachatryan and others},
     collaboration = {CMS},
     url    = "http://cms-analysis.github.io/HiggsAnalysis-CombinedLimit/",
     year   = "2020"
}
@manual{TnP,
     title  = "egmTnP Twiki",
     author = {Khachatryan and others},
     collaboration = {CMS},
     url    = "https://twiki.cern.ch/twiki/bin/view/CMSPublic/ElectronTagAndProbe",
     year   = "2020"
}

@manual{BiasTests,
     title  = "Higgs Combination Tool -- Conventional Bias Test",
     author = {Khachatryan and others},
     collaboration = {CMS},
     url    = "https://cms-analysis.github.io/HiggsAnalysis-CombinedLimit/part3/nonstandard/#roomultipdf-conventional-bias-studies",
     year   = "2021"
}

@manual{masks,
     title  = "Combine advanced use",
     author = {Khachatryan and others},
     collaboration = {CMS},
     url    = "https://cms-analysis.github.io/HiggsAnalysis-CombinedLimit/part3/nonstandard/#channel-masking",
     year   = "2020"
}

@manual{TnP_Analysis,
     title  = "egmTnP Analysis",
     author = {Khachatryan and others},
     collaboration = {CMS},
     url    = "https://github.com/lsoffi/egm_tnp_analysis/tree/egm_tnp_CleanedCodeForUL_17March2020",
     year   = "2020"
}

@manual{pdmv,
     title  = "Physics Performance Datasets -- PPD Run2 Analysis Recipe Summary",
     author = {Khachatryan and others},
     collaboration = {CMS},
     url    = "https://twiki.cern.ch/twiki/bin/viewauth/CMS/PdmVAnalysisSummaryTable",
     year   = "2020"
}

@manual{egammapog,
     title  = "EGamma POG -- Cut Based Electron Identification Run2",
     author = {Khachatryan and others},
     collaboration = {CMS},
     url    = "https://twiki.cern.ch/twiki/bin/view/CMS/CutBasedElectronIdentificationRun2",
     year   = "2020"
}
@manual{muonpog,
     title  = "Muon POG -- Muon Identification Run2",
     author = {Khachatryan and others},
     collaboration = {CMS},
     url    = "https://twiki.cern.ch/twiki/bin/viewauth/CMS/SWGuideMuonIdRun2",
     year   = "2020"
}
@manual{jetid_2016,
     title  = "Jet Identification Run2 -- 2016",
     author = {Khachatryan and others},
     collaboration = {CMS},
     url    = "https://twiki.cern.ch/twiki/bin/view/CMS/JetID13TeVRun2016",
     year   = "2020"
}
@manual{jetid_2017,
     title  = "Jet Identification Run2 -- 2017",
     author = {Khachatryan and others},
     collaboration = {CMS},
     url    = "https://twiki.cern.ch/twiki/bin/view/CMS/JetID13TeVRun2017",
     year   = "2020"
}
@manual{jetid_2018,
     title  = "Jet Identification Run2 -- 2018",
     author = {Khachatryan and others},
     collaboration = {CMS},
     url    = "https://twiki.cern.ch/twiki/bin/view/CMS/JetID13TeVRun2018",
     year   = "2020"
}
@manual{combine_impact,
     title  = "Higgs Combination Tool -- Impact Plots",
     author = {Khachatryan and others},
     collaboration = {CMS},
     url    = "https://cms-analysis.github.io/HiggsAnalysis-CombinedLimit/part3/nonstandard/#nuisance-parameter-impacts",
     year   = "2020"
}
@manual{egamma_idsf,
     title  = "EGamma ID Efficiency and Scale Factors",
     author = {Khachatryan and others},
     collaboration = {CMS},
     url    = "https://twiki.cern.ch/twiki/bin/viewauth/CMS/EgammaIDRecipesRun2#Efficiencies_and_scale_factors",
     year   = "2020"
}
@manual{muon_idisosf2016,
     title  = "Muon ID and Isolation Efficiency and Scale Factors (2016)",
     author = {Khachatryan and others},
     collaboration = {CMS},
     url    = "https://twiki.cern.ch/twiki/bin/view/CMS/MuonReferenceEffs2016LegacyRereco",
     year   = "2020"
}
@manual{muon_idisosf2017,
     title  = "Muon ID and Isolation Efficiency and Scale Factors (2016)",
     author = {Khachatryan and others},
     collaboration = {CMS},
     url    = "https://twiki.cern.ch/twiki/bin/view/CMS/MuonReferenceEffs2017",
     year   = "2020"
}
@manual{muon_idisosf2018,
     title  = "Muon ID and Isolation Efficiency and Scale Factors (2016)",
     author = {Khachatryan and others},
     collaboration = {CMS},
     url    = "https://twiki.cern.ch/twiki/bin/view/CMS/MuonReferenceEffs2018",
     year   = "2020"
}
@manual{lumi,
     title  = "Luminosity Physics Object Group -- Lumi POG",
     author = {Khachatryan and others},
     collaboration = {CMS},
     url    = "https://twiki.cern.ch/twiki/bin/view/CMS/TWikiLUM",
     year   = "2020"
}
@manual{muonscale,
     title  = "Reference measurements and calibrations for Run-II -- Muon POG",
     author = {Khachatryan and others},
     collaboration = {CMS},
     url    = "https://twiki.cern.ch/twiki/bin/view/CMS/MuonReferenceSelectionAndCalibrationsRun2#Momentum_scale_and_resolution",
     year   = "2020"
}
@article{Read:2002hq,
    author = "Read, Alexander L.",
    editor = "Whalley, M.R. and Lyons, L.",
    title = "{Presentation of search results: The CL(s) technique}",
    doi = "10.1088/0954-3899/28/10/313",
    journal = "J. Phys. G",
    volume = "28",
    pages = "2693--2704",
    year = "2002"
}
@manual{jetmetjec,
     title  = "Recommended Jet Energy Corrections and Uncertainties For Data and MC -- JetMET POG",
     author = {Khachatryan and others},
     collaboration = {CMS},
     url    = "https://twiki.cern.ch/twiki/bin/view/CMS/JECDataMC",
     year   = "2020"
}

@manual{LHCweb,
     title  = "Facts and Figures about the LHC",
     collaboration = {CMS},
     url    = "https://home.cern/resources/faqs/facts-and-figures-about-lhc",
     year   = "2022"
}
@manual{jetmetworkbook,
     title  = "Jet Energy Corrections: Official Software Tools for applying JEC Corrections and Uncertainties. -- JetMET POG",
     author = {Khachatryan and others},
     collaboration = {CMS},
     url    = "https://twiki.cern.ch/twiki/bin/view/CMSPublic/WorkBookJetEnergyCorrections?redirectedfrom=CMS.WorkBookJetEnergyCorrections",
     year   = "2020"
}

@manual{CERN,
     title  = "Facts and figures about the LHC",
     collaboration = {CERN},
     url    = "https://home.cern/resources/faqs/facts-and-figures-about-lhc",
}
@manual{det,
     title  = "Detector",
     collaboration = {CMS},
     url    = "https://cms.cern/detector",
}
@manual{xsec,
     title  = "Overview of CMS Physics Goals and Detector",
     author = {Scarlet Norberg and others},
     collaboration = {CMS},
     url    = "https://twiki.cern.ch/twiki/bin/view/CMSPublic/WorkBookCMSExperiment",
     year   = "2015"
}
@techreport{lumiUnc16,
      title         = "{CMS Luminosity Measurements for the 2016 Data Taking
                       Period}",
      institution   = "CERN",
      collaboration = "CMS Collaboration",
      address       = "Geneva",
      number        = "CMS-PAS-LUM-17-001",
      year          = "2017",
      reportNumber  = "CMS-PAS-LUM-17-001",
      url           = "https://cds.cern.ch/record/2257069",
}

@techreport{lumiUnc17,
      title         = "{CMS luminosity measurement for the 2017 data-taking
                       period at $\sqrt{s} = 13~\mathrm{TeV}$}",
      institution   = "CERN",
      collaboration = "CMS Collaboration",
      address       = "Geneva",
      number        = "CMS-PAS-LUM-17-004",
      year          = "2018",
      reportNumber  = "CMS-PAS-LUM-17-004",
      url           = "https://cds.cern.ch/record/2621960",
}

@techreport{lumiUnc18,
      title         = "{CMS luminosity measurement for the 2018 data-taking
                       period at $\sqrt{s} = 13~\mathrm{TeV}$}",
      institution   = "CERN",
      collaboration = "CMS Collaboration",
      address       = "Geneva",
      number        = "CMS-PAS-LUM-18-002",
      year          = "2019",
      reportNumber  = "CMS-PAS-LUM-18-002",
      url           = "https://cds.cern.ch/record/2676164",
}

@techreport{SUSY,
      title         = "{CMS Supersymmetry Physics Results}",
      institution   = "CERN",
      collaboration = "CMS Collaboration",
      address       = "Geneva",
      year          = "2022",
      url           = "https://twiki.cern.ch/twiki/bin/view/CMSPublic/PhysicsResultsSUS",
}

@article{Punzi,
    author = "Punzi, Giovanni",
    editor = "Lyons, L. and Mount, R. P. and Reitmeyer, R.",
    title = "{Sensitivity of searches for new signals and its optimization}",
    eprint = "physics/0308063",
    archivePrefix = "arXiv",
    reportNumber = "PHYSTAT-2003-MODT002",
    journal = "eConf",
    volume = "C030908",
    pages = "MODT002",
    year = "2003"
}
